3276 5130
819 331 1034 395 ..30-

350 513 387 566 θι
416 501 598 587 eligunt,
638 522 740 584 quae
768 499 868 564 mihi
896 499 1079 584 placent,
1114 510 1154 565 θι
1184 510 1334 564 ιθιιθιιι
1361 496 1511 564 foedus

350 629 495 673 meum:
521 608 631 672 domi
653 629 765 672 meae
788 605 890 672 etin
912 606 1129 672 moenibus
1150 607 1254 672 meis
1275 603 1514 672 memoriam

348 715 402 780 iis
431 715 703 798 condomam,
740 725 779 779 et
807 713 1040 799 peregrini,
1072 714 1141 798 qui
1170 714 1219 778 ad
1244 712 1444 778 Jehovam
1471 732 1514 774 se

349 822 690 908 applicaverunt,
729 832 775 886 ιιι
810 821 849 886 ei
889 831 1062 906 pareant
1102 833 1141 887 et
1180 831 1319 886 ament
1359 840 1516 884 nomen

348 929 543 1011 Jehovae,
569 942 612 1002 ιιι
633 929 720 995 sint
746 929 859 994 servi
886 928 991 1014 ejus:
1023 929 1266 1014 quicunque
1294 929 1515 993 sabbatum

350 1048 490 1102 servat
511 1059 592 1103 non
613 1037 843 1123 profanans
866 1045 907 1101 θι
929 1035 999 1119 qui
1024 1045 1170 1101 tenent
1191 1035 1337 1101 foedus
1358 1054 1509 1099 meum:

352 1146 491 1210 ducam
519 1167 585 1210 eos
611 1145 658 1209 ad
684 1154 857 1210 montem
887 1165 1014 1208 meum
1041 1164 1197 1209 sacrum
1231 1153 1270 1208 et
1296 1141 1515 1207 delectabo

351 1274 416 1317 eos
449 1253 492 1316 in
524 1251 692 1316 aedibus
725 1251 824 1316 meis
856 1252 998 1332 sacris,
1035 1250 1273 1316 holocausta
1306 1269 1442 1314 eorum
1477 1257 1517 1312 θι
1634 1244 1635 1286 l

351 1358 563 1424 sacrificia
587 1370 700 1443 grata
721 1371 816 1424 sunt
837 1359 879 1424 in
908 1381 974 1424 ara
1002 1380 1103 1440 mea,
1137 1381 1225 1424 nam
1256 1358 1396 1422 domus
1430 1375 1516 1420 mea

352 1476 516 1530 vocator
537 1466 657 1532 aedes
679 1466 821 1531 orandi
844 1467 1030 1532 omnibus
1051 1465 1214 1551 populis
1235 1466 1311 1548 (Jes.
1331 1462 1509 1545 56,1-7).

349 1574 398 1638 Et
412 1571 699 1638 aedificabunt
712 1573 774 1638 tui
788 1573 930 1638 ruinas
951 1573 1157 1656 antiquas,
1175 1573 1320 1638 rudera
1334 1580 1508 1637 aetatum

351 1680 669 1764 praeteritarum
710 1680 912 1746 excitabis
954 1690 992 1745 et
1032 1680 1258 1746 vocaberis:
1300 1677 1506 1763 „expletor

266 1855 272 1866 ⁸
350 1786 557 1868 rimarum,
583 1796 835 1852 restaurator
856 1787 1034 1852 limitum
1055 1787 1278 1852 ferentium
1307 1787 1355 1852 ad
1384 1783 1509 1850 domi-

350 1892 530 1975 cilium“,
563 1893 598 1958 si
626 1893 781 1960 retines
811 1896 951 1980 pedem
972 1917 992 1959 a
1014 1897 1195 1973 sabbato,
1225 1917 1274 1960 ne
1302 1891 1513 1978 negotium

349 2011 461 2064 tuum
482 1999 610 2065 facias
633 2000 698 2065 die
720 2023 803 2066 meo
826 2023 953 2082 sacro,
981 2013 1019 2067 et
1041 2005 1252 2067 sabbatum
1274 2022 1393 2068 vocas
1410 1997 1516 2064 deli·
1635 2031 1636 2050 ι

349 2108 448 2189 cias,
477 2117 619 2173 sancto
640 2107 817 2174 Jehovae
845 2110 1131 2190 venerandum,
1166 2121 1205 2176 et
1233 2110 1291 2174 ita
1318 2109 1514 2188 honoras,

350 2225 393 2278 ut
420 2236 501 2280 non
529 2236 645 2279 cures
677 2214 763 2280 vias
792 2227 898 2296 tuas,
934 2238 1013 2281 non
1041 2239 1135 2302 agas
1162 2215 1373 2303 negotium
1401 2226 1518 2280 tuum
1635 2217 1636 2292 ζ

349 2343 479 2405 neque
522 2322 681 2407 garrias
724 2344 874 2407 gerras.
943 2326 1028 2393 Quo
1077 2325 1186 2389 facto
1236 2321 1517 2390 oblectaberis

349 2428 520 2525 Jehova3
554 2441 593 2494 et
621 2429 783 2514 ingredi
814 2440 851 2495 te
885 2430 1013 2496 sinam
1045 2432 1088 2496 in
1119 2431 1327 2497 montibus
1360 2441 1515 2511 terrae,

349 2547 389 2600 et
416 2536 575 2620 perfrui
603 2547 641 2601 ιθ
675 2536 803 2601 sinam
836 2537 1069 2604 hereditate
1095 2540 1238 2605 Jacobi
1271 2538 1405 2625 patris
1434 2537 1513 2615 tui,

348 2665 438 2707 nam
461 2641 692 2708 ochhovae
714 2643 894 2708 locutum
910 2656 969 2709 est
987 2647 1064 2730 (Jes.
1084 2653 1134 2727 58,
1158 2650 1308 2731 12-14).
1348 2647 1398 2712 Ει
1420 2645 1515 2710 fiet:

349 2772 368 2814 a
390 2771 492 2814 nova
513 2750 610 2814 luna
638 2750 685 2813 ad
711 2770 852 2812 novam
883 2749 1018 2816 lunam
1047 2765 1085 2818 et
1110 2777 1130 2818 a
1152 2755 1318 2818 sabbato
1347 2753 1396 2817 ad
1424 2753 1520 2816 sab-

348 2859 485 2921 batum
511 2855 650 2920 veniet
682 2855 811 2920 omnis
846 2876 936 2923 caro
965 2869 1120 2924 oratum
1146 2882 1276 2926 coram
1304 2881 1382 2940 me,
1413 2858 1520 2924 dicit
1636 2845 1637 2850 ἵ

348 2965 369 3027 J
376 2963 500 3028 ehova
528 2964 591 3045 (66,
609 2963 677 3047 2³).

435 3073 640 3156 Ignoramus,
666 3091 749 3134 num
770 3072 905 3136 sabbata
927 3074 968 3136 ab
989 3073 1143 3138 omnibus
1166 3086 1224 3139 aut
1238 3073 1393 3159 plurimis
1408 3076 1522 3140 Israe-

348 3179 416 3244 litis
439 3179 476 3243 in
498 3176 613 3243 exsilio
635 3176 779 3242 Jebovae
801 3177 954 3243 fidelibus
981 3190 1049 3244 tam
1075 3180 1250 3265 diligenter
1276 3192 1406 3248 servata
1436 3181 1517 3264 sint,
1636 3207 1637 3210 ¹

349 3309 447 3370 quam
469 3286 626 3372 propheta
647 3283 769 3350 voluit:
796 3295 921 3350 certum
943 3297 1008 3369 est,
1034 3297 1146 3372 postca
1164 3287 1200 3351 in
1214 3289 1356 3372 patriam
1371 3311 1521 3355 reversos

348 3395 526 3460 admodum
548 3416 586 3458 ea
607 3390 803 3478 neglexisse.
851 3393 947 3460 Quod
969 3394 1063 3460 docet
1084 3394 1257 3477 Nehemia,
1283 3417 1388 3480 quum
1412 3398 1522 3482 capite

349 3503 440 3566 XIII
467 3501 544 3566 libri
573 3522 696 3566 nomen
725 3498 796 3583 ejus
818 3499 972 3564 habentis
993 3513 1118 3583 namet,
1153 3502 1333 3568 sevidisse
1364 3504 1421 3568 die
1444 3506 1522 3568 sab-

348 3608 419 3673 bati
440 3607 612 3673 torcularia
634 3605 795 3671 calcantes
822 3616 855 3669 et
875 3606 1061 3691 manipulos
1088 3609 1223 3674 domum
1252 3620 1425 3696 portantes
1454 3609 1522 3675 asi-

347 3716 465 3798 nisque
487 3715 692 3799 imponentes
715 3722 749 3776 et
769 3711 896 3792 vinum,
921 3712 1056 3796 fructus,
1081 3715 1210 3799 aliaque
1232 3737 1334 3781 onera
1355 3717 1523 3783 Hieroso-

347 3825 436 3910 lyma
458 3822 615 3888 ferentes:
649 3819 845 3884 sciscitando
868 3820 1077 3905 comperisse,
1101 3834 1296 3888 mercatores
1319 3824 1523 3890 Phoenicius

349 3954 403 3997 eas
425 3951 549 3996 merces
579 3936 750 4014 apportare
779 3935 812 3990 et
840 3926 974 3991 sabbato
995 3929 1131 3993 ludaeis
1161 3930 1316 3995 vendere.
1374 3932 1457 3996 Ideo
1487 3951 1523 4000 se

347 4038 475 4104 nobiles
498 4037 641 4101 Judaeos
664 4032 782 4099 acriter
803 4032 1006 4117 increpuisse
1028 4046 1062 4100 et
1082 4046 1190 4120 portas
1209 4037 1431 4103 custodiendo
1446 4058 1525 4122 pro-

346 4145 506 4226 hibuisse,
540 4141 718 4227 quominus
745 4137 887 4223 amplius
914 4141 1048 4205 sabbato
1075 4143 1193 4208 fierent
1221 4143 1370 4229 negotia.
1428 4143 1524 4230 Tyrii

346 4251 480 4337 ¹quidem
504 4260 596 4330 sunt,
624 4247 681 4331 qui
703 4245 848 4311 sabbatis
869 4267 994 4312 memes
1015 4260 1187 4334 apportant
1208 4261 1242 4314 et
1264 4251 1439 4333 vendunt,
1466 4251 1526 4316 sed
