3276 5130
598 371 814 434 ..95-

112 538 280 625 leguntur,
309 539 569 605 Deuteronomii
589 540 823 624 proprietatem
837 540 1050 609 redolentia¹.
1090 541 1176 625 Ergo
1192 540 1292 605 etiam

115 643 196 730 legis
211 645 408 711 sabbaticus
426 657 536 731 partes
550 647 799 713 Deuteronomii
820 649 969 733 propriae
984 650 1025 712 ab
1049 647 1119 732 ejus
1134 645 1290 731 scriptore

117 751 301 837 adscriptae
325 764 411 818 sunt
433 754 681 819 existimandae.
722 755 845 820 Contra
866 753 997 834 dicitur,
1023 776 1093 820 non
1113 755 1210 818 modo
1232 755 1292 818 ad·

117 860 183 924 dita
205 881 290 936 csse,
318 861 382 925 sed
406 862 507 926 etiam
529 860 706 926 desiderari
725 863 760 926 in
775 861 847 946 lege
863 861 1029 926 sabbatiae
1043 860 1292 952 Deuteronomii

117 970 230 1047 verba,
268 989 379 1052 eaque
410 967 617 1053 gravissima,
655 990 738 1052 quae
773 969 809 1032 in
845 969 959 1034 Exodo
994 968 1156 1053 legantur,
1190 989 1292 1050 quum

117 1075 253 1159 scriptor
275 1076 536 1140 Deuteronomii
557 1079 655 1140 verba
684 1075 835 1140 omittere
864 1087 898 1140 et
923 1075 989 1140 alia
1015 1097 1074 1160 pro
1099 1075 1141 1140 iis
1168 1075 1292 1140 substi-

117 1193 206 1246 tuere
229 1182 314 1246 alias
338 1205 411 1247 non
434 1181 478 1247 sit
500 1204 610 1248 ausus.
651 1184 749 1251 Quod
771 1183 904 1267 quidem
926 1182 1146 1264 concedimus,
1172 1192 1207 1246 at
1221 1204 1293 1247 cer-

117 1299 187 1353 tum
209 1300 451 1374 argumentum
473 1312 544 1355 csse
565 1312 741 1376 negamus,
767 1313 870 1374 quum
889 1291 953 1356 hoc
975 1311 1042 1354 uno
1063 1289 1135 1356 loco
1157 1289 1292 1374 scriptor

117 1395 329 1481 perspicuam
361 1418 494 1462 causam
522 1397 675 1463 habuerit
703 1401 801 1462 verba
832 1399 968 1482 antiqua
1002 1397 1164 1462 mutandi.
1216 1398 1292 1462 Hoc

118 1514 203 1568 certe
233 1514 386 1585 constat,
422 1505 583 1569 rationem
613 1504 673 1570 otii
704 1505 864 1572 sabbatici
890 1505 926 1569 in
948 1504 1204 1570 Deuteronomio
1234 1526 1292 1568 ex-

118 1613 270 1694 positam,
299 1615 342 1676 ab
366 1613 437 1698 ipso
461 1611 531 1695 ejus
553 1612 710 1698 scriptore
739 1613 776 1678 in
799 1613 991 1698 decalogum
1021 1612 1176 1678 insertam
1206 1633 1288 1676 esse.

120 1719 207 1782 Nam
227 1731 404 1805 propterca
426 1729 564 1801 tantum,
592 1722 679 1802 quod
702 1741 740 1784 ea
762 1719 921 1806 expositio
936 1719 1055 1804 incipit
1068 1720 1166 1784 verbo
1182 1728 1288 1799 111311,

123 1823 160 1886 in
179 1826 441 1892 Deuteronomio
463 1849 521 1911 pro
544 1836 613 1893 1151
637 1833 855 1907 „memento“,
885 1848 950 1910 quo
972 1827 1045 1891 sine
1071 1825 1172 1890 dubio
1196 1824 1290 1909 prin·

127 1930 212 2014 cipio
231 1933 316 2019 legis
338 1933 474 1998 initium
495 1934 618 1999 factum
640 1945 699 2014 cst,
726 1935 941 2000 substitutum
962 1945 1011 1998 cst
1033 1926 1121 1998 'ttntl
1143 1939 1288 2015 „serva“,

132 2048 227 2120 atque
250 2040 499 2106 Deuteronomii
530 2041 662 2126 propria
693 2052 744 2106 est
773 2043 886 2107 crebra
916 2038 1096 2104 recordatio
1123 2038 1290 2103 servitutis

135 2145 357 2230 Aegyptiacae.
404 2150 505 2213 Porro
534 2170 646 2214 versus
668 2151 817 2230 Dentt,
841 2156 877 2211 15
905 2146 943 2210 ἱιι
970 2146 1162 2231 decalogum
1189 2146 1291 2210 inseri

137 2275 205 2317 non
225 2256 342 2338 potuit,
365 2257 554 2340 priusquam
576 2258 675 2320 verba
697 2267 762 2335 „ut
782 2255 1014 2338 requiescat
1035 2275 1173 2318 servus
1195 2264 1289 2318 tuus

138 2371 178 2424 et
207 2362 354 2427 ancilla
380 2373 447 2428 tua
476 2363 583 2428 sicut
611 2369 679 2428 tu“
709 2363 746 2426 in
776 2385 814 2428 eo
840 2363 990 2442 fuerunt,
1021 2361 1102 2426 haec
1130 2371 1240 2426 autem
1270 2383 1290 2425 a

138 2468 287 2554 scriptore
313 2469 561 2536 Deuteronomii
594 2470 722 2555 adjecta
757 2490 827 2535 esse
862 2468 1073 2534 manifestum
1109 2477 1171 2548 est,
1212 2489 1291 2532 nam

137 2589 345 2642 consentanea
373 2589 453 2642 sunt
480 2577 561 2662 ipsi,
593 2577 647 2641 cui
674 2577 866 2642 miscrorum
895 2586 928 2640 et
954 2597 1123 2642 servorum
1145 2574 1290 2642 conditio

133 2683 287 2750 maximae
313 2707 411 2750 curae
438 2696 504 2764 est,
535 2695 635 2769 atque
664 2705 746 2767 quae
773 2683 877 2770 possit
904 2682 1047 2748 inveniri
1080 2704 1196 2764 causa,
1232 2705 1290 2748 cur

130 2791 195 2856 sint
226 2815 267 2857 ex
299 2792 402 2858 altero
436 2791 590 2878 decalogo
629 2790 750 2876 ejecta‘?
807 2791 960 2876 Denique
994 2791 1074 2857 haec
1110 2791 1210 2874 ratio,
1253 2791 1289 2855 in

127 2911 269 2966 extremo
298 2899 383 2985 legis
410 2898 523 2964 multis
551 2899 661 2990 perbis
691 2899 857 2984 expositae
889 2899 1002 2985 paucis
1031 2898 1211 2983 adscripta,
1246 2921 1289 2964 ne

126 3008 285 3074 vocabulo
308 3017 342 3073 ¹⁸:
365 3013 484 3086 „nam“
507 3005 640 3089 quidem
662 3017 830 3091 usurpato,
858 3028 922 3090 quo
945 3007 981 3070 in
1004 3005 1120 3070 ceteris
1141 3005 1289 3090 decalogi

124 3112 255 3200 legibus
277 3115 415 3180 rationis
438 3113 598 3198 expositio
621 3113 749 3198 incipit,
776 3113 886 3178 minus
908 3112 1012 3197 pactis
1040 3133 1079 3176 ao
1101 3111 1288 3195 compositis

123 3222 233 3288 verbis
256 3243 408 3307 expressa
436 3231 496 3303 est,
528 3243 626 3305 quam
655 3232 693 3285 ut
717 3220 835 3305 prioris
860 3220 983 3284 formae
1012 3217 1160 3302 decalogi
1187 3217 1288 3284 fuisse

120 3329 240 3414 possit.

212 3439 327 3521 Itaque
347 3436 410 3501 hoo
425 3435 606 3519 quaeritur:
632 3445 744 3499 utrum
760 3433 895 3519 scriptor
912 3431 1163 3498 Deuteronomii
1176 3435 1285 3518 verba,

120 3565 208 3628 quae
223 3544 328 3609 Exod.
347 3551 400 3623 20,
424 3551 457 3606 11
482 3541 632 3627 legimus,
652 3542 774 3623 omisit,
798 3554 837 3606 ut
851 3563 928 3606 suae
943 3541 1080 3608 rationis
1094 3544 1153 3609 otii
1172 3548 1289 3611 sabba·

120 3652 184 3716 tici
207 3653 419 3737 exponendae
440 3650 550 3716 locum
570 3649 716 3730 haberet,
741 3671 784 3714 an
807 3671 845 3714 ea
866 3671 934 3714 non
947 3650 1051 3732 novit,
1076 3653 1164 3734 quod
1177 3665 1289 3738 poste-

119 3760 208 3824 riore
231 3759 365 3823 demum
388 3769 532 3842 tempore
554 3756 590 3820 in
613 3756 806 3840 decalogum
827 3756 951 3821 inserta
972 3762 1073 3822 sunt?

212 3868 254 3930 In
276 3866 415 3930 dubium
436 3886 551 3929 vocare
572 3863 751 3944 nonlicet,
777 3863 985 3948 decalogum,
1012 3866 1117 3949 qualis
1139 3866 1288 3951 scriptori

123 3973 376 4039 Deuteronomii
402 3984 500 4036 notus
527 3982 613 4051 erat,
645 3971 847 4036 continuisse
869 3992 909 4035 ea
928 3973 1046 4054 verba,
1078 3973 1200 4055 quibus
1220 3973 1288 4059 legi

123 4073 298 4162 secundae,
324 4081 449 4159 tertiae,
476 4079 621 4162 quintae,
646 4078 792 4142 decimae
820 4078 963 4143 rationes
990 4091 1024 4144 et
1052 4079 1286 4165 explicationes
1359 4089 1363 4095 ’

196 4237 217 4300 1)
236 4233 313 4288 Haec
330 4251 375 4289 res
392 4251 448 4288 non
466 4240 588 4288 mutatur
606 4249 647 4297 eo,
669 4231 744 4301 quod
761 4231 1008 4288 Deuteronomium
1025 4231 1173 4289 nonnullas
1191 4232 1287 4288 lectio·

123 4337 172 4376 nes
183 4319 300 4376 sonasse
318 4318 446 4374 meliores
462 4318 554 4374 babet.
