3276 5130
599 332 814 394 ..79-

128 501 245 568 homo
268 501 419 580 faciat,
444 510 489 564 ut
510 500 627 564 vivat
653 500 719 566 iis.
766 501 815 566 Et
842 503 1021 566 sabbata
1048 523 1134 566 mea
1162 501 1288 567 vehe-

127 619 287 674 menter
326 607 673 692 profansverunt.
735 609 834 673 Tum
870 608 979 689 dixi,
1023 609 1126 672 iram
1161 631 1288 674 meam

127 716 353 781 effundere
374 737 435 779 me
456 713 571 780 velle
593 715 636 779 in
658 717 839 796 deserto,
867 727 911 780 ut
939 738 1007 781 eos
1032 717 1284 800 perderem“.

128 825 190 890 Sed
211 845 255 888 ne
281 845 405 887 nomen
430 844 528 888 suum
553 821 740 907 profanaret
767 834 843 888 unte
871 823 982 888 oculos
1009 823 1172 908 gentium,
1206 845 1287 907 quae

127 930 302 1011 vidissent,
344 930 505 1015 quomodo
544 951 586 994 ex
616 932 766 1016 Aegypto
799 929 965 996 Israelitas
999 930 1160 1010 educeret,
1197 932 1288 996 Deus

128 1038 300 1103 clementis
322 1059 401 1102 usus
423 1037 464 1101 iis
487 1037 645 1122 pepercit.
685 1037 763 1102 Filii
784 1059 861 1102 vero
884 1059 996 1103 eorum
1010 1037 1095 1102 male
1109 1047 1289 1122 paruenmt

127 1147 346 1230 sicutpstres‚
366 1145 961 1229 „secundumpraeceptamea
982 1167 1065 1210 non
1087 1145 1287 1210 vixerunt

128 1254 279 1338 etjure
308 1273 395 1316 mes
421 1274 503 1317 non
530 1262 895 1316 servaverunt...
926 1263 966 1317 et
994 1254 1170 1317 sabbata
1200 1275 1287 1317 mea

125 1360 428 1446 profanarunt“.
475 1359 601 1424 Temen
623 1381 678 1424 eos
700 1381 829 1443 quoque
851 1360 966 1425 eadem
988 1360 1029 1425 de
1055 1382 1152 1425 causa
1178 1360 1287 1426 noluit

126 1470 269 1555 perdere.
310 1467 436 1531 Verum
446 1465 516 1550 jam
538 1477 610 1531 tum
630 1487 766 1532 manum
787 1487 886 1551 super
900 1488 954 1532 eos
976 1468 1095 1533 tollens
1117 1467 1288 1534 constituit

126 1576 284 1661 populum
298 1574 474 1658 aliquando
489 1573 670 1658 dispellere,
698 1574 826 1658 „quod
843 1573 941 1658 jura
962 1597 1150 1640 mennon
1172 1575 1287 1639 fece-

126 1695 223 1748 runt
244 1693 286 1748 et
307 1692 534 1768 praecepta
555 1703 642 1745 mes
672 1680 1013 1766 repudiaverunt
1042 1694 1081 1748 et
1110 1685 1288 1748 sabbata

129 1812 213 1855 mee
238 1789 532 1875 profanarunt.
571 1791 663 1858 Quae
686 1810 738 1854 res
760 1789 796 1852 in
818 1790 1041 1855 Pentateucho
1064 1790 1198 1874 quidem
1218 1810 1287 1853 non

128 1907 264 1979 narrata,
290 1907 416 1981 septem
444 1905 477 1960 et
498 1895 634 1982 triginta
660 1897 756 1961 annis
785 1918 805 1960 a
830 1897 1047 1964 Pentateuchi
1074 1896 1287 1982 scriptoribus

132 2004 254 2069 omissis
276 2005 406 2068 videtur
427 2003 512 2068 faeta
535 2026 616 2069 esse.
658 2005 811 2070 Ceterum
827 2005 981 2084 Ezechiel
1002 2004 1068 2069 illis
1090 2003 1196 2068 verbis
1218 2025 1287 2067 non

133 2111 169 2174 in
187 2111 307 2177 incerto
330 2111 504 2194 relinquit,
530 2111 617 2175 sicut
638 2111 791 2193 Jeremia,
817 2134 915 2196 quam
936 2110 1154 2177 Pentateuchi
1180 2111 1287 2195 legem

137 2217 177 2280 sd
196 2221 324 2283 sabbate
343 2218 563 2304 pertinentem
585 2229 719 2304 spectet,
744 2220 802 2284 sed
824 2231 931 2284 certae
953 2219 1036 2304 legis
1058 2221 1157 2283 verba
1180 2218 1283 2297 affert,

138 2322 217 2408 legis
231 2325 411 2390 dicoExod.
423 2331 474 2407 31,
490 2333 611 2389 12-17
629 2326 784 2412 scriptam
800 2329 841 2412 (v.
856 2327 942 2392 infra
956 2347 1032 2411 pag.
1050 2334 1109 2389 100
1120 2328 1198 2410 sql.
1227 2326 1286 2390 Est

142 2429 265 2513 quidem
278 2433 500 2512 controversie,
525 2443 637 2498 utrum
651 2434 804 2500 Ezechiel
818 2435 904 2499 hanc
918 2434 1025 2499 Exodi
1038 2433 1147 2518 legem
1160 2432 1283 2513 laudet,
1300 2484 1303 2492 .

141 2557 183 2600 on
201 2537 370 2605 Ezechielis
392 2543 491 2605 verbe
514 2541 550 2605 in
571 2541 654 2626 legis
676 2541 813 2607 formam
835 2542 967 2607 redacta
994 2551 1068 2626 post
1096 2541 1167 2625 ejus
1197 2550 1287 2604 acta-
1391 2549 1393 2552 ·
1459 2513 1462 2526 ⁵

137 2652 201 2708 tem
220 2644 254 2708 in
273 2647 533 2714 Pentateuchum
554 2649 678 2713 inserts
699 2649 781 2729 sint,
813 2651 853 2713 dc
883 2671 947 2734 qus
968 2671 1003 2714 re
1032 2648 1118 2713 infra
1145 2648 1287 2713 breviter

136 2749 374 2836 disputabimus.
426 2756 495 2821 Hic
524 2755 602 2820 satis
632 2766 682 2820 est
710 2755 963 2821 controversiam
990 2756 1206 2842 significasse,
1244 2776 1287 2819 ne

130 2879 199 2924 eam
212 2859 362 2946 ignorare
376 2862 546 2928 videamur
569 2864 726 2945 dicentes,
751 2863 956 2929 Ezechielem
977 2863 1085 2950 legem
1106 2864 1178 2950 ipso
1200 2862 1287 2928 anti·

130 2965 271 3048 quiorcm
292 2969 437 3052 laudere,
463 2992 546 3054 quae
569 2971 701 3054 quidem
723 2982 834 3036 nostra
857 2981 907 3036 est
929 2971 1103 3036 sententia.

207 3075 319 3140 Etiam
341 3076 378 3140 in
400 3077 514 3143 exsilio
530 3078 697 3143 Israelitec
721 3079 866 3144 oratione
888 3078 1079 3164 prophetice
1101 3099 1286 3142 commone-

125 3179 200 3248 tacti
227 3193 326 3264 sunt,
358 3195 397 3249 ut
424 3187 560 3250 subbata
586 3197 698 3251 sancte
724 3196 877 3271 agerent,
916 3207 999 3269 quae
1029 3196 1114 3250 esset
1141 3183 1286 3249 conditio

123 3288 254 3356 salutis:
298 3291 366 3356 Sic
400 3291 510 3357 dicit
541 3293 717 3358 Jchovs:
759 3293 933 3357 Servate
967 3291 1037 3376 jus
1076 3302 1116 3356 et
1152 3290 1286 3355 facite

119 3395 359 3480 justitiam,
395 3419 487 3464 nam
519 3399 800 3486 propinquum
827 3410 890 3464 est
918 3398 1127 3462 auxilium
1156 3420 1287 3462 meum

124 3524 213 3569 mox
259 3506 555 3588 adventurum,
602 3517 643 3572 et
686 3506 800 3572 salus
844 3528 929 3571 mes
972 3505 1283 3591 patefacienda.

123 3611 245 3676 Felix
268 3613 352 3678 erit
372 3613 508 3696 homo,
534 3614 603 3698 qui
625 3615 700 3680 hoc
721 3613 891 3690 fecerit,
918 3623 959 3678 et
979 3613 1104 3680 filius
1120 3613 1284 3694 Adami,

123 3719 193 3802 qui
220 3721 300 3784 hoc
329 3721 535 3786 tenuerit:
573 3723 646 3806 qui
678 3724 899 3786 sabbatum
931 3732 1093 3803 servat,
1128 3731 1174 3786 ut
1205 3742 1287 3786 non

123 3827 341 3912 profanet,
367 3839 407 3894 et
428 3851 592 3895 menum
614 3851 728 3894 susm
750 3839 932 3910 coercet,
952 3851 1001 3893 ne
1023 3828 1284 3894 malefaciat.

123 3933 234 4000 Neve
258 3934 376 3999 dicut
396 3937 668 4021 peregrinus,
697 3937 767 4020 qui
789 3937 837 4002 ad
858 3936 1061 4001 Jehovum
1082 3958 1124 4000 se
1146 3935 1287 4020 appli-

124 4042 254 4106 cavit:
286 4042 471 4121 „Jehovs
500 4066 559 4108 me
587 4044 826 4110 secludets
854 4043 1010 4129 populo
1038 4049 1149 4121 suo“‚
1182 4063 1286 4108 neve

122 4147 240 4214 dicat
268 4150 505 4216 eunuchus:
543 4173 676 4231 „ecce,
712 4174 798 4216 sum
826 4153 948 4216 arbor
975 4150 1130 4214 aridc“.
1188 4149 1288 4214 Nam

121 4255 181 4321 sic
203 4256 311 4322 dicit
332 4259 354 4322 J
361 4258 493 4324 ehovs
509 4259 729 4338 eunuchis,
757 4259 1112 4342 quiscbbstsmea
1128 4267 1287 4322 servent
