3276 5130
602 1178 759 1259 ceput
784 1179 834 1246 V.

224 1446 277 1508 Ac
299 1442 455 1507 facillime
476 1443 557 1506 haec
585 1444 680 1507 nobis
706 1444 825 1508 incidit
854 1443 1018 1528 cogitatio,
1044 1441 1114 1507 dies
1140 1443 1299 1528 ‚palpat

136 1551 303 1636 principio
332 1552 473 1614 Lunae
506 1549 607 1614 fuisse
639 1551 786 1632 festos,
820 1563 853 1615 et
881 1575 918 1615 ea
943 1574 978 1614 re
1007 1561 1099 1634 parta
1130 1551 1301 1616 sanctitate

137 1658 265 1722 factum
287 1680 375 1740 esse,
400 1669 439 1722 ut
459 1658 586 1722 labores
609 1658 911 1723 intermitterentur.
959 1660 1023 1722 Sed
1045 1668 1159 1723 avocat
1178 1681 1239 1722 nos
1261 1661 1302 1723 ab

139 1765 202 1830 hac
232 1765 431 1851 cogitatione
466 1783 503 1829 ea
531 1767 629 1847 ratio,
672 1768 759 1849 quod
791 1766 889 1830 lunae
919 1767 1045 1830 lumina
1073 1766 1152 1830 satis
1184 1765 1303 1830 idonea

142 1873 277 1956 quidem
298 1874 473 1954 videntur,
493 1895 574 1956 quae
596 1873 746 1938 homines
769 1875 811 1937 ad
831 1875 954 1938 mensis
978 1872 1302 1957 quadripartitionem

142 1981 308 2045 adducant
330 1993 363 2045 et
384 1992 524 2065 quatuor
544 1981 686 2064 partium
710 1981 806 2044 initia
827 1981 1018 2066 designent,
1044 1981 1101 2044 sed
1122 2002 1208 2043 nova
1229 1989 1303 2043 ten-

145 2097 217 2151 tum
240 2100 271 2153 et
290 2087 389 2173 plena
410 2088 489 2151 luna
519 2089 596 2152 satis
618 2087 770 2172 insignis,
801 2099 839 2152 ut
867 2089 994 2152 dierum
1021 2087 1178 2152 festorum
1205 2086 1304 2151 insti-

148 2197 340 2260 tuendorum
363 2217 458 2260 causa
478 2217 547 2259 esse
562 2195 674 2280 possit.
714 2197 883 2258 Praeterea
905 2195 974 2258 dies
997 2194 1300 2275 duodetricesimus,

153 2322 216 2382 quo
234 2301 312 2366 luna
331 2325 398 2366 non
420 2303 510 2367 cerni
528 2303 620 2384 solet,
645 2301 781 2366 minime
804 2303 942 2367 idoneus
964 2304 1077 2366 estad
1099 2323 1170 2365 eam
1193 2301 1303 2365 colen-

156 2407 228 2472 dam
237 2412 259 2490 ¹,
279 2421 386 2474 contra
405 2409 547 2474 maxime
569 2410 707 2474 idoneus
721 2409 855 2494 primus,
872 2431 936 2492 quo
951 2410 1030 2474 luna
1044 2433 1129 2474 nova
1143 2409 1303 2492 conspici-

154 2524 206 2578 tur
224 2518 329 2600 (quara
347 2541 386 2583 eo
403 2519 456 2582 die
479 2520 591 2582 dorcas
613 2517 644 2580 ei
658 2517 869 2602 immolatur),
888 2519 946 2581 sed
959 2519 988 2582 is
1002 2540 1070 2582 non
1082 2529 1130 2582 est
1141 2517 1210 2580 dies
1224 2517 1300 2600 pul.

153 2625 237 2708 ,9ᾶίἸ
262 2648 368 2710 neque
390 2626 455 2690 illis
478 2626 587 2689 vetitis
609 2625 834 2709 distinguitur.

231 2734 384 2798 Forsitan
406 2733 568 2818 quispiam
589 2743 698 2817 putet,
729 2733 940 2817 Babylonios,
973 2733 1089 2814 otium,
1119 2755 1182 2816 quo
1210 2733 1298 2813 olim,

145 2861 246 2922 quum
267 2842 382 2905 Lunae
405 2842 511 2906 cultus
539 2840 762 2904 nobilissimus
792 2852 893 2922 esset,
925 2841 1041 2906 diebus
1068 2842 1182 2904 Lunae
1211 2839 1303 2904 festis

144 2949 196 3011 usi
218 2949 303 3030 sint,
337 2949 514 3033 posteriore
535 2960 698 3033 tempore,
731 2970 832 3032 quum
854 2948 963 3032 plures
993 2949 1070 3012 deos
1098 2969 1165 3012 non
1193 2948 1302 3012 minus

143 3077 242 3140 quam
264 3059 394 3120 Lunam
417 3057 571 3138 colerent,
596 3067 760 3120 retentum
785 3055 947 3140 principio
973 3056 1015 3118 ad
1037 3057 1150 3118 Lunae
1178 3055 1303 3119 cultum

141 3164 339 3247 pertinuisse
361 3164 513 3244 oblitosl,
545 3164 614 3228 sive
640 3174 772 3248 propter
799 3162 928 3226 numeri
958 3162 1134 3246 septenarii
1161 3161 1304 3225 auctori-

216 3386 240 3451 1)
261 3386 421 3440 En-Nedlm
444 3386 555 3456 quidem
578 3385 664 3440 tradit
683 3383 843 3450 (Ohwolson,
864 3386 980 3449 Scabier,
999 3384 1029 3438 Π
1041 3387 1076 3450 8),
1102 3383 1176 3455 apud
1199 3383 1303 3438 Harra-

141 3471 210 3527 nios
227 3471 262 3526 ad
279 3471 413 3526 sacrificia
429 3471 555 3526 facienda
571 3471 623 3526 hos
640 3471 679 3524 IV
695 3471 797 3525 mensis
816 3471 949 3542 cujusque
967 3470 1026 3525 dies
1039 3469 1191 3526 destinatos
1202 3470 1300 3525 fuisse:

141 3559 220 3612 diam
229 3575 315 3612 novae
323 3557 413 3624 lunae,
426 3557 508 3613 lunae
518 3557 677 3612 dimidiatae
688 3556 842 3622 crescentis,
856 3555 1001 3626 septimum
1011 3555 1153 3622 decimum,
1167 3556 1304 3611 duodetri-

144 3643 286 3699 cesimum.
313 3642 375 3710 Sad,
391 3653 422 3698 ut
434 3644 463 3697 id
475 3661 569 3699 verum
582 3643 626 3710 sit,
642 3642 707 3696 inde
719 3661 773 3696 non
785 3649 877 3713 potest
889 3641 991 3712 colligi,
1013 3641 1068 3695 diei
1083 3642 1304 3696 duodetricesimi

142 3729 352 3784 distinctionem
369 3730 405 3785 ad
421 3729 502 3784 lunae
520 3729 625 3784 cultum
642 3728 816 3801 pertinuisse.
844 3729 917 3783 Nam
934 3745 1018 3798 quum
1035 3727 1133 3799 plenae
1150 3727 1232 3782 lunae
1245 3727 1304 3782 dies

145 3815 177 3869 in
194 3833 306 3870 numero
326 3815 431 3872 dierum
448 3815 560 3870 illorum
576 3816 695 3882 nonsit,
724 3822 819 3870 contra
840 3814 899 3869 dies
923 3813 1056 3884 septimus
1079 3814 1199 3870 decimus
1223 3812 1304 3867 lunae

144 3900 250 3956 lumina
267 3901 345 3957 nullo
362 3902 443 3956 modo
456 3901 613 3967 distinctus,
634 3920 689 3956 non
706 3909 749 3956 eat
766 3900 917 3976 probabile,
938 3900 1005 3956 solis
1027 3900 1110 3956 lunae
1127 3899 1222 3954 formis
1239 3897 1303 3954 illos

146 3988 181 4042 ad
200 4004 246 4042 eoa
264 3987 323 4042 dies
341 3987 483 4060 eligendos
500 4005 558 4044 esse
577 3987 717 4042 adductos.

198 4077 239 4139 '2)
257 4073 293 4128 Id
309 4073 477 4146 Babylonios
494 4092 554 4130 esse
572 4072 681 4137 oblitos,
704 4073 815 4127 debebit
826 4089 936 4145 ponera,
958 4090 1042 4142 quum
1054 4072 1119 4126 fasti
1135 4069 1300 4142 babylonici,

147 4177 311 4231 quemquam
340 4161 448 4215 Lunum
477 4161 571 4215 crebro
600 4167 767 4223 memorant,
802 4159 863 4230 ejus
891 4157 995 4212 cultum
1023 4157 1168 4229 praecipue
1199 4155 1305 4210 dierum

149 4247 283 4321 ‚palpati
305 4263 371 4314 essa,
392 4246 606 4316 haudquaquam
623 4244 749 4316 prodant.
