3310 5126
613 1211 856 1298 caputlt

242 1486 347 1551 Vetus
370 1451 616 1550 Testamentum
638 1505 800 1569 nusquam
821 1494 931 1569 aperte
953 1484 1061 1568 docet,
1086 1488 1220 1552 sabbata
1242 1499 1317 1554 ante

154 1595 273 1659 Mosen
295 1596 336 1659 ab
359 1593 549 1659 hominibus
577 1613 648 1658 esse
677 1592 809 1677 agitata.
863 1593 905 1656 In
927 1592 1050 1658 (irenes.
1069 1599 1099 1674 2,
1119 1599 1149 1657 2.
1169 1603 1200 1678 3,
1225 1595 1318 1682 cujus

154 1702 220 1768 loci
237 1701 307 1787 jam
322 1723 420 1786 supra
440 1700 566 1765 mentio
587 1700 673 1765 facta
695 1711 755 1783 est,
781 1723 883 1786 quum
897 1702 988 1766 Deus
1002 1701 1141 1786 septimo
1156 1703 1210 1768 die
1225 1704 1319 1787 quie-
1440 1719 1441 1722 ’

156 1809 240 1874 visse
263 1832 403 1894 eumque
425 1831 555 1875 sacrum
577 1809 709 1890 iecisse,
744 1820 778 1874 at
799 1831 868 1873 non
889 1808 1040 1874 homines
1059 1808 1195 1894 jussisse
1224 1811 1319 1894 quie-

156 1939 245 1984 scere
268 1918 406 2000 dicatur,
431 1917 468 1981 in
491 1916 592 1982 dubio
613 1915 821 2000 relinquitur,
847 1939 930 1980 num
943 1916 1090 1982 Hebraei
1110 1929 1168 1982 aut
1181 1919 1319 2004 scriptor
1397 1989 1401 2004 ,

155 2025 340 2107 crediderit,
366 2027 502 2091 sabbata
523 2035 594 2089 tum
616 2047 636 2088 a
656 2025 729 2089 Deo
750 2024 940 2090 hominibus
961 2047 1031 2090 esse
1052 2025 1215 2093 mandata.

241 2135 351 2200 Verba
371 2134 434 2198 Ex,
452 2139 504 2213 20,
525 2139 560 2196 8:
588 2133 775 2213 „Memento
799 2133 865 2198 diei
887 2132 1024 2216 sabbati,
1049 2143 1088 2197 ut
1110 2145 1221 2200 sancte
1241 2157 1318 2222 agas

157 2247 266 2324 eum“,
298 2243 340 2306 ad
367 2241 454 2306 hanc
483 2240 709 2325 quaestionem
739 2263 808 2306 non
835 2240 1014 2326 pertinent.
1068 2241 1154 2306 Satis
1185 2242 1319 2326 quidem

159 2349 294 2414 evidens
317 2360 374 2429 est,
400 2348 462 2413 hac
484 2348 631 2435 decalogi
652 2348 725 2434 lege
747 2351 881 2414 sabbata
903 2371 971 2414 non
999 2369 1069 2414 esse
1091 2349 1235 2434 primum
1265 2350 1318 2414 in-

159 2456 286 2521 stituta.
332 2457 419 2520 Nam
441 2456 531 2535 „dies
546 2456 692 2522 sabbati“
717 2455 796 2539 quid
819 2467 915 2539 esset,
941 2457 994 2539 iis,
1021 2455 1140 2540 quibus
1154 2456 1210 2531 lex
1224 2457 1319 2522 dare·

159 2575 224 2645 tur,
248 2573 363 2628 notum
389 2585 459 2630 esse
486 2567 683 2650 oportebat1.
737 2563 802 2628 Sed
830 2585 871 2628 ex
899 2585 937 2628 eo
963 2585 1032 2628 non
1060 2563 1135 2650 plus
1165 2565 1315 2648 efficitur,

158 2694 255 2757 quam
282 2682 320 2736 ut
348 2673 481 2737 sabbata
513 2683 591 2736 ante
624 2671 815 2758 decalogum
846 2671 1107 2757 promulgatum,
1143 2694 1212 2738 non
1240 2673 1320 2738 item

156 2791 194 2845 ut
216 2779 367 2844 instituta
388 2781 456 2845 sint
477 2788 554 2844 ante
576 2780 708 2860 Mosen,
743 2779 801 2862 qui
830 2779 900 2864 ipse
926 2790 1035 2864 potest
1060 2789 1157 2845 antea
1185 2783 1320 2847 sabbata

156 2887 308 2952 edixisse.
354 2891 465 2972 Atque
486 2888 517 2953 si
543 2887 659 2972 capitis
673 2887 758 2952 XVI
779 2887 886 2952 Exodi
906 2886 1043 2974 scriptor
1064 2910 1220 2953 mannam
1240 2889 1319 2954 filiis

155 2995 287 3062 Israelis
309 2994 362 3060 die
392 2995 508 3080 quinto
539 2994 665 3060 decimo
694 3007 728 3060 et
756 2993 1005 3080 insequentibus
1034 2996 1157 3061 mensis
1184 2996 1319 3062 alterius

154 3115 228 3190 post
249 3106 440 3190 Aegyptum
461 3103 610 3168 relictam
639 3126 659 3168 a
682 3103 742 3168 deo
765 3103 875 3168 datam
897 3103 944 3169 sic
964 3113 1085 3184 namot,
1118 3114 1157 3168 ut
1181 3103 1251 3188 jam
1281 3126 1319 3169 eo

155 3222 300 3298 tempore
323 3211 481 3277 Israelitis
504 3211 631 3276 sabbati
653 3211 861 3276 sanctitatem
882 3222 994 3276 notam
1008 3210 1132 3275 iuisse²
1153 3210 1319 3297 intelliga-

155 3331 218 3402 tur,
244 3329 355 3406 potest
376 3318 563 3401 credidisse,
588 3341 608 3383 a
628 3319 742 3384 Mose
764 3321 900 3385 sabbata
922 3341 991 3384 esse
1013 3328 1122 3400 antea,
1147 3317 1184 3382 in
1204 3319 1320 3384 Mara³

156 3427 293 3493 fortasse
316 3429 387 3511 (Ex.
414 3434 463 3509 15,
491 3433 551 3491 25:
578 3426 652 3507 „Ibi
674 3427 785 3514 posuit
807 3427 838 3492 ei
859 3425 967 3513 legem
984 3447 1022 3491 ac
1040 3425 1096 3511 jus
1119 3436 1152 3491 et
1173 3425 1221 3490 ibi
1243 3447 1319 3491 eum

155 3535 359 3622 periclitatus
382 3535 463 3620 est“)
490 3533 678 3601 constituta.

227 3743 250 3808 1)
271 3741 334 3796 Vox
351 3751 413 3797 aaut
430 3746 592 3806 „memento“
614 3759 671 3796 non
695 3740 845 3812 respiciens
867 3740 898 3796 in
920 3748 1028 3812 tempus
1051 3741 1243 3812 praeteritum,
1270 3741 1320 3800 sed

157 3827 187 3882 in
210 3827 337 3882 futurum
361 3825 531 3898 prospiciens
553 3827 681 3883 admonet
704 3826 860 3893 Israeliten,
894 3833 925 3881 ut
945 3825 1018 3898 legis
1045 3833 1106 3882 tum
1127 3827 1164 3884 iis
1187 3828 1266 3884 datae
1290 3829 1320 3884 in

156 3921 298 3986 posterum
321 3911 378 3968 sint
399 3929 541 3968 memores.
578 3912 661 3970 Nihil
684 3913 771 3984 igitur
793 3913 829 3968 sd
852 3911 1012 3970 solvendam
1034 3921 1157 3970 nostram
1179 3913 1320 3984 quaestio·

156 4017 221 4056 nem
237 3999 315 4056 iacit.

226 4085 476 4153 2)1.iebetrut,
506 4085 562 4140 Dia
583 4087 795 4160 Sonntapqseier,
815 4103 879 4158 pag.
893 4089 958 4157 9sq.
997 4083 1245 4152 Saalschueta‚
1270 4087 1320 4142 dae

156 4171 300 4226 mosaieelte
319 4173 413 4238 Reclt,
441 4171 535 4224 1389.

229 4259 254 4322 3)
274 4256 320 4311 Ibi
332 4258 446 4313 sabbata
458 4273 517 4312 osse
528 4256 659 4312 instituto
668 4256 828 4313 Talmudica
838 4265 880 4312 est
890 4257 1035 4324 sententia,
1045 4254 1108 4312 vida
1118 4272 1187 4326 quse
1195 4256 1320 4312 Rssehi

157 4343 194 4398 sd
210 4341 269 4400 lal
288 4341 411 4410 adnotat,
432 4342 467 4398 of.
481 4341 616 4410 Seldan,
638 4342 672 4398 do
686 4341 748 4414 jure
766 4341 886 4400 naturali
904 4359 935 4398 cc
952 4342 1085 4412 gentium,
1106 4358 1134 4412 p.
1149 4343 1199 4396 ³16
1211 4359 1272 4414 sqq.
