3276 5130
604 327 819 390 ..91-

121 497 261 584 septimo
284 519 527 582 quoqueanno
550 497 620 583 agri
650 507 683 562 et
710 499 840 562 arbores
870 496 1058 582 gignerent,
1090 496 1290 580 pauperibus

121 616 153 671 et
173 605 289 670 bestiis
312 605 439 670 fructui
469 616 589 670 essent.
636 605 718 669 Eam
746 625 822 668 vero
850 604 922 688 ejus
952 603 1150 668 sententiam
1177 624 1291 689 reapse

119 713 219 779 finisse
243 713 337 778 credi
359 734 428 777 non
450 721 569 797 potest.
609 712 726 795 Neque
742 712 832 776 enim
847 711 986 776 dubium
1001 723 1062 792 est,
1088 710 1169 795 quin
1183 733 1290 775 annus

120 820 319 900 sabbaticus,
348 818 454 903 qualis
477 819 513 882 in
535 819 650 885 Exodo
673 829 706 883 et
727 819 874 883 Levitico
897 819 1079 903 descriptus
1101 829 1162 899 est,
1194 818 1290 882 insti-

120 939 211 992 tutus
232 927 289 1008 sit,
317 936 358 992 ut
379 925 579 1012 agricultura
600 948 711 991 annua
733 927 837 991 sexies
866 925 1004 1011 repetita
1032 927 1172 1011 septimo
1202 947 1290 990 anno

120 1035 406 1116 intermitterem,
440 1033 526 1098 siout
548 1035 687 1119 septimo
715 1034 769 1098 die
797 1033 1008 1118 quotidianus
1036 1034 1139 1100 labor.
1193 1034 1290 1102 Quod

120 1165 206 1207 anno
230 1143 402 1208 sabbatioo
426 1141 551 1206 firrotus
573 1165 593 1207 a
615 1152 700 1208 terra
721 1142 808 1206 ultro
822 1152 1005 1226 procreatos
1021 1141 1133 1226 colligi
1147 1151 1285 1222 vetatur,

119 1250 268 1315 instituti
290 1251 477 1316 sententiae
499 1261 755 1315 consentaneum
778 1260 840 1329 est,
867 1251 925 1314 sed
953 1271 1022 1314 non
1052 1271 1124 1314 eam
1152 1251 1193 1314 ob
1222 1269 1290 1312 rem

120 1357 174 1422 lex
201 1369 253 1423 est
282 1359 394 1436 data1.
447 1360 556 1440 Atque
586 1358 621 1422 id
650 1356 789 1422 vetitum
819 1377 906 1437 esse,
937 1356 1060 1422 idcirco
1088 1356 1158 1436 illo,
1193 1377 1290 1439 quem

121 1465 394 1550 significavimus,
419 1464 491 1529 loco
506 1475 795 1530 commemoratum
809 1474 867 1543 est,
895 1463 972 1547 quia
986 1465 1187 1529 antecedunt
1202 1485 1292 1528 com-

121 1573 232 1656 plures
246 1573 339 1658 leges
355 1571 550 1636 miserorum
570 1583 603 1637 et
616 1593 844 1657 oppressorum
858 1548 1028 1636 commodo
1042 1571 1287 1657 prospieientes.

125 1681 222 1746 Quod
242 1679 297 1744 his
320 1701 427 1744 annus
450 1679 638 1744 sabbatium
660 1679 801 1744 maxime
822 1678 965 1763 prodest,
991 1678 1049 1744 illo
1064 1678 1136 1764 ipso
1150 1679 1222 1746 loco
1237 1679 1291 1744 lex

127 1788 167 1850 de
189 1809 228 1852 eo
251 1795 400 1853 statuens
422 1786 530 1870 posita
552 1796 601 1850 est
622 1796 656 1850 et
678 1785 792 1850 addita
813 1785 868 1848 lex
890 1785 1066 1866 sabbatica,
1093 1786 1169 1869 quia
1192 1787 1291 1856 etiam

131 1894 199 1958 dies
221 1894 346 1960 sabbati
367 1893 542 1978 praecipue
564 1891 763 1978 pauperibus
785 1891 878 1957 utilis
901 1903 968 1957 est:
1000 1903 1098 1974 atque
1119 1893 1200 1958 haec
1223 1893 1291 1958 sola

133 2011 183 2064 est
204 2021 298 2068 musa
319 2023 378 2066 cur
399 2023 438 2066 ea
459 2001 513 2066 lex
534 2001 590 2065 hic
611 2010 820 2066 memoretur.
868 1999 904 2064 Si
926 1999 1090 2083 scriptoris
1118 1999 1291 2064 consilium

136 2105 259 2188 fuisset,
282 2130 349 2173 rem
369 2130 456 2173 nova
477 2108 551 2193 lege
573 2109 723 2174 ordinare
746 2118 779 2172 et
801 2106 872 2191 ejus
893 2106 1054 2172 rationem
1076 2105 1291 2190 principalem

140 2233 311 2298 exponere,
344 2216 397 2280 lex
430 2215 599 2282 sabbatica
630 2215 698 2300 legi
730 2215 771 2279 de
805 2235 891 2278 anno
928 2213 1095 2280 sabbatiae
1132 2211 1291 2278 statuenti

138 2319 252 2386 fuisset
270 2324 503 2408 praeponenda.
551 2323 680 2392 Quibus
703 2323 744 2387 de
766 2321 873 2386 causis
895 2321 1085 2406 negandum
1107 2331 1165 2400 est,
1200 2319 1291 2384 illam

138 2427 196 2490 otii
216 2430 367 2496 sabbatici
387 2431 549 2496 rationem
574 2431 611 2494 in
632 2429 716 2494 libro
744 2427 885 2493 foederis
915 2428 1095 2514 expositam
1122 2466 1165 2476 --
1193 2449 1291 2510 quam

139 2534 318 2602 Noeldelre²
338 2549 434 2602 vocat
456 2537 527 2618 ,dte
549 2535 721 2624 eiafaolote
735 2537 804 2600 aad
816 2537 899 2600 boote
913 2535 1147 2621 Motiot'eruay“
1163 2573 1206 2584 -
1221 2557 1291 2600 esse

137 2642 340 2730 principalem
361 2646 415 2709 vel
436 2645 633 2710 universam.

214 2753 324 2821 Quum
346 2763 458 2818 autem
480 2775 519 2818 ea
540 2752 617 2817 libri
639 2750 779 2817 foederis
793 2750 849 2816 lex
864 2762 986 2832 monet,
1011 2774 1053 2816 ne
1069 2751 1170 2818 servis
1186 2753 1292 2816 Israe-

129 2855 203 2924 litae
224 2859 370 2926 fructum
391 2860 452 2925 otii
473 2860 631 2926 sabbatioi
652 2870 822 2942 recusent,
853 2859 1069 2945 significatur,
1094 2859 1200 2925 otium
1224 2879 1292 2922 non

128 2965 274 3032 officium
296 2967 404 3033 solum
426 2987 513 3048 esse,
545 2969 633 3051 quod
654 2967 828 3052 impleant,
853 2968 912 3032 sed
933 2967 1032 3032 etiam
1053 2969 1194 3046 bonum,
1226 2986 1292 3048 quo

126 3072 288 3140 finanum
333 3076 384 3139 Ac
403 3075 564 3140 nimirum
586 3075 680 3139 credo
703 3075 872 3158 equidem,
896 3084 1024 3158 praeter
1045 3072 1137 3137 illam
1159 3083 1293 3137 senten-

128 3181 207 3248 tiam
230 3203 450 3265 communem,
476 3204 579 3266 quum
601 3181 706 3248 otium
728 3181 933 3246 sabbaticum
954 3190 1086 3265 propter
1109 3179 1175 3243 diei
1197 3200 1292 3243 sanc-

125 3289 257 3356 titatem
272 3291 470 3356 servandum
485 3290 721 3368 existimarent,
746 3310 765 3352 a
780 3287 947 3352 mentibus
962 3286 1186 3352 Israelitarum
1200 3286 1293 3351 nulle

124 3408 234 3463 aetate
263 3397 404 3462 alienam
432 3397 538 3462 nisse
568 3395 773 3482 opinionem,
814 3394 970 3477 requietis
1004 3416 1102 3460 causa
1133 3395 1293 3460 Jehovam

123 3505 333 3590 benignitate
356 3516 555 3570 commotum
568 3503 690 3589 populo
705 3524 765 3567 suo
780 3502 948 3566 laboribus
962 3502 1164 3586 quotidianis
1178 3501 1293 3567 multis

124 3622 157 3676 et
177 3611 328 3677 molestis
351 3611 495 3677 exercito
517 3613 651 3676 sabbata
674 3611 852 3675 donasseb.
880 3609 1018 3675 Fructus
1040 3621 1151 3675 autem
1172 3611 1293 3694 quietis

124 3719 313 3786 sabbatieae
341 3718 470 3784 homini
498 3741 536 3806 eo
567 3717 707 3799 dulcior,
747 3739 812 3802 quo
848 3717 953 3803 magis
981 3717 1092 3782 labore
1121 3717 1288 3804 premitur,

127 3847 230 3910 quare
260 3826 415 3913 operariis
441 3826 640 3912 pauperibus
669 3826 775 3911 magis
806 3847 904 3908 quam
939 3825 1115 3906 divitibus,
1151 3824 1293 3890 maxime

125 3956 204 4000 vero
233 3933 335 4000 servis
364 3933 533 4000 voluntate
568 3934 775 3999 dominorum
810 3933 895 3998 vires
930 3943 1087 4019 perpetuo
1121 3931 1293 3997 intendere

200 4108 224 4171 l]
244 4103 287 4160 cf.
305 4103 503 4171 Dillmann,
524 4105 568 4160 die
585 4107 695 4160 Bitala·
713 4106 827 4161 Exodos
844 4124 871 4160 a.
891 4105 1031 4168 Levititru,
1052 4119 1115 4175 pag.
1131 4105 1189 4156 604.

197 4193 224 4256 2)
251 4191 487 4264 Untorrueltuopm
504 4208 551 4244 aar
568 4189 665 4245 Kritr‘k
682 4193 727 4246 der
744 4192 828 4246 Alton
850 4190 1022 4254 Testamenta,
1042 4205 1104 4260 pag.
1117 4190 1159 4241 51.

198 4280 224 4343 3)
244 4275 287 4334 Of.
306 4277 391 4349 ij.
408 4279 449 4343 58,
469 4279 514 4330 13:
535 4283 577 4340 ,et
595 4277 738 4331 sabbatum
755 4291 838 4332 rocas
855 4274 1009 4330 delicias
1027 4274 1115 4356 (rprl‘t
