3276 5130
615 1239 828 1373 caputr.

222 1557 424 1622 Accedimus
439 1578 530 1622 nunc
543 1557 585 1622 ad
600 1557 735 1623 alterum
749 1557 906 1643 propositi
920 1568 1046 1643 partem
1060 1558 1301 1644 investigatum,

138 1681 222 1726 num
243 1664 335 1749 opud
357 1664 584 1730 Israelitas
605 1668 813 1732 sabbatorum
843 1666 1027 1732 observatio
1055 1666 1192 1732 diversis
1219 1677 1304 1731 tem-

139 1769 276 1852 poribus
297 1771 399 1836 fuerit
421 1771 559 1853 diversa,
583 1795 627 1837 an
646 1773 725 1840 inde
747 1796 766 1838 a
786 1774 891 1840 Mosis
913 1782 1018 1838 aetate
1041 1775 1154 1838 eadem
1176 1795 1305 1858 semper

143 1873 243 1941 fuerit
264 1890 322 1944 aut
342 1879 440 1945 modo
461 1879 598 1965 paulum
620 1881 730 1964 aliqua
752 1903 793 1946 ex
820 1892 911 1966 porte
940 1891 1066 1945 mutata
1094 1881 1147 1944 sit.
1193 1882 1303 1963 Atque

145 1982 208 2046 triu
227 1981 327 2071 hujus
349 1986 426 2052 libri
449 1998 546 2052 erunt
567 1987 683 2072 capita,
711 2009 813 2072 quum
835 1987 1052 2052 controversis
1075 1987 1133 2062 sit,
1159 1986 1302 2070 primum

151 2109 229 2171 quos
251 2091 317 2158 dies
338 2093 389 2157 illi
410 2093 588 2160 habuerint
614 2098 766 2177 sabbata,
800 2093 919 2160 deinde
945 2115 1009 2177 quo
1036 2093 1134 2158 modo
1159 2092 1304 2157 celebra-

150 2197 265 2282 verint,
287 2212 448 2286 postremo
471 2223 568 2286 quam
591 2225 722 2268 causam
744 2201 942 2266 crediderint
963 2200 1107 2266 sabbatis
1129 2198 1267 2264 otiandi.

236 2306 377 2372 Primum
400 2309 575 2392 quaeritur,
600 2321 711 2376 utrum
733 2307 811 2374 inde
833 2331 853 2373 a
874 2308 977 2374 Mosis
1006 2319 1113 2373 aetate
1134 2307 1303 2373 Israelitae

154 2410 322 2494 septimum
336 2437 496 2502 quemque
516 2418 603 2482 diem
619 2419 791 2483 sabbatum
804 2416 991 2498 habuerint,
1008 2415 1174 2481 mensium
1188 2415 1303 2480 ordine

154 2512 188 2578 in
208 2517 266 2586 hro
285 2543 320 2588 re
340 2525 507 2610 neglecto,
539 2547 581 2590 an
606 2524 764 2610 proximis
792 2533 866 2609 post
894 2522 989 2587 illum
1017 2523 1156 2588 saeculis
1184 2522 1303 2588 iisdem

150 2641 270 2711 semper
289 2633 454 2697 mensium
477 2632 593 2698 diebus
615 2631 682 2696 illis
704 2633 838 2696 sabbata
852 2630 977 2696 fuerint
997 2629 1084 2696 sicut
1097 2629 1301 2716 Babyloniis,

147 2749 165 2792 8
193 2735 310 2816 quibus
340 2741 475 2805 sabbata
502 2739 608 2825 primo
621 2753 624 2758 '
637 2740 772 2804 inventu
804 2759 874 2804 esse
905 2737 1142 2804 existimamus.
1193 2741 1308 2822 Atque

146 2858 244 2921 quum
276 2847 478 2932 Babylonios
516 2850 650 2913 sabbata
686 2867 814 2931 semper
850 2843 1003 2930 septimo,
1043 2847 1150 2930 XIV⁰‚
1187 2848 1299 2928 XXI⁰,

143 2945 309 3017 XXVIII⁰
331 2955 454 3020 mensis
477 2954 594 3019 diebus
624 2953 731 3039 egisse
759 2953 954 3033 viderimus,
986 2955 1027 3018 ab
1056 2953 1162 3036 iisque
1192 2953 1305 3019 creda-

143 3074 215 3123 mus
238 3059 403 3126 Isrselitas
426 3064 560 3126 sabbata
582 3061 755 3146 accepisse,
781 3061 1003 3146 quaerendum
1026 3070 1075 3125 est
1089 3059 1196 3141 nobis,
1221 3079 1303 3123 num

141 3175 216 3231 ants
240 3167 358 3233 Mosen
380 3180 438 3234 aut
460 3190 497 3233 eo
520 3169 742 3234 Israelitumm
764 3169 847 3232 duce
868 3167 926 3231 illa
955 3169 1164 3234 sabbatorum
1194 3165 1304 3250 dispo-

141 3269 219 3340 sitio
240 3285 368 3352 mutata
390 3275 449 3358 sit,
482 3299 524 3342 an
545 3277 709 3362 prioribus
739 3285 814 3360 post
835 3274 953 3339 Mosen
975 3273 1113 3339 saeculis
1134 3271 1304 3338 Israelitae

140 3398 267 3446 morem
277 3382 510 3467 babylonicum
524 3383 702 3450 tenuerint.
736 3381 826 3446 Illud
839 3379 944 3446 multo
958 3381 1179 3462 verisimilius,
1198 3401 1304 3464 paene

140 3485 283 3554 dixerim
306 3501 432 3555 certum
455 3491 550 3558 duco.
595 3492 681 3556 Nam
713 3509 814 3574 quum
842 3509 939 3553 nemo
959 3487 1067 3552 adhuc
1089 3486 1300 3570 dubitaverit,

140 3607 230 3661 certo
251 3597 429 3680 posteriore
451 3608 596 3684 tempore
623 3597 789 3664 Israelitas
817 3595 994 3682 septimum
1025 3616 1187 3679 quemque
1214 3595 1303 3660 diem

139 3705 315 3768 sabbatum
337 3705 502 3789 habuisse,
523 3707 565 3787 ,in
586 3699 679 3772 libris
702 3715 813 3769 nutem
836 3725 948 3768 eorum
977 3712 1122 3767 mutatae
1151 3703 1304 3768 sabbato-

139 3830 215 3876 rum
238 3810 462 3897 dispositionis
483 3813 576 3880 nulla
606 3824 710 3879 exstet
738 3811 914 3892 memoriap
948 3831 1055 3894 neque
1084 3819 1159 3896 post
1185 3810 1303 3874 Mosen

139 3931 271 4008 tempus
307 3921 411 3986 fuisse
448 3920 613 4002 videatur,
661 3941 725 4005 quo
762 3918 924 4005 ejusmodi
959 3918 1098 3982 mutatio
1134 3914 1303 3980 commode

140 4029 286 4113 potuerit
306 4028 389 4114 fieri,
415 4027 518 4094 Mosis
540 4037 645 4094 aetate
668 4049 740 4092 eam
762 4039 820 4092 aut
841 4035 937 4090 antea
966 4025 1085 4089 factam
1115 4043 1185 4087 esse
1210 4021 1304 4106 judi-

140 4137 284 4202 candum
307 4149 366 4202 est.

228 4244 301 4310 Nec
316 4243 489 4328 quisquam
505 4241 540 4307 id
556 4241 591 4305 in
607 4239 745 4306 dubium
760 4251 901 4322 vocaret,
918 4239 984 4304 nisi
999 4235 1179 4322 complures
1195 4247 1304 4302 essent
