3276 5130
835 359 1050 420 „64...

364 528 478 590 dianos
500 527 626 590 labores
647 527 849 592 intermissos
871 532 961 593 essel
982 528 1074 612 cujus
1089 527 1137 592 rei
1153 527 1314 592 indicium
1329 530 1403 613 quis
1418 529 1523 614 possit

329 623 330 626 ¹
362 644 476 719 putare
491 635 689 719 paucitatem
703 637 888 700 tabularum
903 645 1127 700 contractuum
1138 636 1241 700 tribus
1256 637 1381 701 ultimis
1396 637 1520 701 mensis

364 744 480 806 diebus
508 743 570 824 (28.
589 749 641 806 29.
661 743 712 826 30)
734 743 927 828 scriptarum
955 743 995 826 (v.
1020 743 1106 807 infra
1128 765 1202 828 pag.
1222 746 1282 826 66).
1321 745 1356 810 Si
1378 745 1406 809 is
1421 744 1524 808 fuerit

362 871 452 932 usus,
478 849 683 935 singulorum
697 851 861 915 mensium
876 860 968 916 erant
990 861 1104 934 quater
1124 851 1207 932 seni,
1231 850 1255 916 i.
1274 873 1302 915 e.
1328 863 1468 935 quatuor
1491 862 1524 914 et

364 957 484 1042 viginti
506 958 576 1021 dies
598 959 776 1043 negotiosi,
802 981 939 1043 quorum
961 979 1056 1022 senos
1079 968 1210 1022 sanctus
1233 958 1292 1022 otii
1315 959 1384 1023 dies
1406 981 1525 1043 seque-

363 1066 468 1145 batur,
493 1077 659 1150 supererat
681 1090 767 1131 unus
789 1067 841 1130 vel
863 1068 928 1130 duo
944 1066 1014 1129 dies
1029 1065 1098 1128 sive
1113 1067 1155 1129 ad
1168 1066 1348 1150 singularia
1363 1069 1524 1150 quaedam

363 1173 495 1258 negotia
517 1175 660 1258 gerenda
682 1175 750 1239 sive
773 1175 840 1239 otio
863 1173 1028 1239 destinati.
1074 1175 1190 1257 Neque
1212 1173 1323 1260 inepte
1346 1175 1418 1258 quis
1445 1197 1524 1238 con-
1620 1229 1621 1250 ,

358 1278 464 1363 jiciat,
489 1282 778 1346 undetricesimum
802 1282 889 1346 diem
912 1304 982 1346 esse
1010 1305 1126 1367 operae
1156 1283 1269 1347 datum
1290 1283 1361 1348 loco
1382 1283 1524 1348 undevi-
1620 1311 1621 1330 ¹

365 1388 489 1470 oesimi,
515 1411 579 1472 quo
602 1399 693 1454 extra
714 1390 864 1454 ordinem
885 1392 1019 1453 sabbato
1045 1392 1234 1455 utebantur.
1281 1391 1437 1456 Ceterum
1464 1413 1522 1456 ne-

363 1496 494 1576 scimus,
520 1497 556 1558 in
577 1497 758 1562 rationibus
789 1519 959 1582 operarum
987 1497 1146 1562 faciendis
1179 1519 1275 1581 quam
1305 1498 1460 1582 frequens
1489 1510 1519 1562 et
1620 1543 1621 1568 t

363 1614 515 1668 constans
537 1604 636 1668 fuerit
658 1642 698 1652 —
722 1605 750 1668 si
772 1605 890 1689 aliquis
911 1605 977 1668 fuit
998 1643 1036 1652 -
1061 1627 1177 1670 senum
1200 1606 1328 1670 dierum
1349 1629 1516 1670 mensurae
1620 1679 1621 1684 η

362 1733 459 1791 usus;
485 1723 582 1794 atque
605 1712 759 1776 credibile
782 1725 842 1794 est,
867 1714 904 1776 in
925 1712 1067 1798 negotiis
1089 1714 1287 1798 Babylonios
1309 1714 1423 1778 solitos
1453 1737 1511 1778 esse

364 1820 570 1903 singulorum
593 1820 720 1884 dierum
743 1842 854 1905 operas
877 1831 1074 1904 computare,
1111 1843 1228 1886 senum
1256 1833 1365 1888 autem
1396 1822 1518 1886 dierum

364 1950 534 2012 operarum
556 1949 698 1992 summas
721 1928 757 1991 in
779 1928 898 1992 animis
922 1928 1055 2011 quidem
1077 1940 1110 1994 et
1132 1929 1386 2015 cogitationibus
1415 1930 1521 1994 homi-

363 2059 454 2118 num,
482 2038 539 2120 qui
560 2049 598 2102 ut
618 2061 844 2104 mensurarum
866 2059 1101 2119 numerum,
1126 2048 1164 2101 ut
1185 2039 1233 2102 ita
1254 2038 1374 2116 dicam,
1401 2037 1523 2122 prin·
1620 2053 1621 2124 ζ

363 2144 543 2228 cipalem
566 2147 791 2230 (Grundzalrl),
823 2147 858 2210 h.
877 2169 905 2210 e.
930 2147 1106 2225 senarium,
1141 2145 1240 2210 etiam
1268 2146 1310 2208 ad
1339 2145 1523 2208 metiendas

363 2254 645 2338 aestimandasque
668 2277 781 2339 operas
802 2254 895 2318 usuri
918 2265 1034 2334 essent,
1061 2253 1154 2337 quasi
1175 2264 1292 2317 natura
1314 2253 1450 2331 ferebat,
1477 2251 1523 2314 ita

362 2371 504 2426 versatas
528 2383 608 2443 esse,
635 2373 673 2426 ut
695 2384 752 2426 sex
774 2363 900 2425 dierum
922 2383 1037 2446 operae
1059 2361 1100 2425 iis
1122 2361 1239 2446 plenus
1261 2361 1381 2424 laboris
1404 2361 1521 2424 modus
1620 2367 1621 2384 ³

362 2467 537 2551 videretur,
564 2492 669 2554 eoque
690 2469 845 2554 praestito
868 2472 1039 2533 sabbatum
1062 2489 1157 2553 agere
1178 2469 1331 2553 placeret,
1356 2469 1393 2532 in
1419 2489 1523 2551 nego-

364 2575 419 2640 tiis
441 2599 517 2640 vero
540 2600 616 2641 eum
637 2579 772 2641 modum
793 2577 981 2662 neglectum
1004 2599 1083 2640 esse.
1620 2639 1621 2666 ,

450 2685 515 2749 Sed
556 2707 685 2768 quoquo
724 2687 821 2748 modo
853 2685 917 2749 ista
951 2707 985 2747 se
1017 2684 1156 2766 habent,
1191 2694 1306 2765 restat,
1346 2693 1386 2746 ut
1418 2683 1523 2768 expli-
1620 2679 1621 2694 ¹

363 2802 464 2873 cetur,
496 2793 614 2875 quibus
642 2795 738 2855 rebus
767 2791 921 2856 commoti
942 2791 1117 2875 Babylonii
1145 2794 1351 2856 sabbatorum
1374 2791 1524 2854 ordinem

254 2891 259 2901 ’
363 2901 525 2963 mensium
555 2901 668 2964 ordine
698 2899 820 2962 turbari
849 2899 937 2983 passi
966 2899 1043 2963 sint.
1099 2899 1202 2983 Cujus
1233 2899 1282 2962 rei
1315 2901 1399 2962 duae
1433 2898 1524 2982 cogi-

363 3008 425 3070 tari
457 3019 595 3093 possunt
624 3029 751 3071 causae.
806 3007 974 3070 Probabile
1004 3017 1054 3070 est
1086 3007 1191 3087 enim,
1228 3007 1377 3070 homines
1411 3028 1525 3092 operas

364 3117 520 3198 quasdam
557 3116 694 3200 majores
730 3137 804 3178 cum
840 3135 925 3178 nova
963 3114 1042 3178 luna
1078 3115 1225 3200 (ineunte
1260 3115 1381 3198 mense)
1422 3114 1526 3178 ordiri

362 3224 473 3288 solitos
510 3247 597 3306 esse,
642 3223 753 3306 itaque
794 3244 914 3286 novam
955 3222 1069 3285 lunam
1110 3223 1189 3286 novi
1230 3243 1401 3306 operarum
1439 3233 1525 3286 tem-

362 3334 449 3416 poris
478 3333 613 3398 initium
649 3329 863 3411 existimasse,
898 3352 961 3412 quo
997 3329 1096 3393 etiam
1129 3351 1248 3393 novam
1284 3330 1523 3395 hebdomadem

362 3440 467 3522 operis
490 3441 685 3505 destinatam
707 3438 810 3522 incipi
833 3457 964 3502 necesse
987 3448 1080 3517 esset,
1108 3437 1170 3502 etsi
1190 3437 1296 3521 priore
1318 3437 1524 3500 hebdomade
1620 3479 1621 3522 3

361 3545 457 3610 finita
481 3547 550 3630 jam
579 3571 666 3611 unus
696 3547 748 3610 vel
777 3548 842 3610 duo
879 3545 947 3608 dies
976 3543 1231 3626 praeteriissent.
1283 3543 1415 3608 Deinde
1447 3545 1525 3607 licet

361 3664 488 3736 putare,
512 3655 730 3719 hebdomades
752 3655 884 3718 lunares
909 3653 979 3736 jam
1003 3651 1190 3734 'antiquiore
1219 3663 1364 3735 tempore
1393 3653 1430 3714 in
1460 3673 1524 3715 usu

362 3761 473 3843 fuisse,
500 3783 630 3844 easque,
656 3764 696 3825 ad
719 3772 864 3846 tempora
885 3769 1035 3824 accurate
1058 3759 1253 3840 definienda,
1285 3769 1444 3844 utsupra
1466 3761 1525 3823 de·

362 3869 624 3951 monstravimus,
649 3869 759 3932 minus
782 3879 882 3952 aptas,
910 3877 1060 3952 exceptas
1082 3889 1151 3930 erse
1173 3867 1433 3932 hebdomadibus
1449 3869 1526 3930 sab-

362 3976 488 4058 baticis,
514 3999 616 4060 aeque
639 3975 792 4039 omnibus
814 3996 909 4040 senos
933 3975 1002 4038 dies
1024 3975 1143 4040 laboris
1166 3984 1199 4038 et
1221 3976 1394 4038 sabbatum
1416 3975 1524 4037 conti·
1620 3979 1621 4016 ἒ

361 4084 534 4166 nentibus,
566 4085 602 4148 in
632 4105 711 4166 quas
741 4081 817 4145 illae
840 4081 1067 4146 transtulerint
1089 4103 1213 4145 morem
1234 4081 1332 4143 lunae
1353 4079 1521 4144 luminum

362 4191 562 4273 varietatem,
588 4191 694 4275 quoad
716 4190 787 4252 fieri
809 4200 928 4274 posset,
954 4189 1124 4272 sequendi.
1170 4191 1222 4252 Ab
1253 4210 1290 4251 ea
1319 4197 1431 4251 tamen
1461 4187 1524 4250 ali-

362 4299 557 4380 quantulum
578 4297 686 4362 recedi
708 4319 841 4360 necesse
863 4297 938 4378 fuit,
964 4297 992 4360 si
1006 4297 1230 4360 hebdomades
1245 4317 1312 4358 non
1327 4295 1408 4379 ipsis
1423 4295 1524 4358 lunae
