3310 5126
811 375 1022 436 ..10-

418 543 643 609 Nihilominus
666 541 792 609 etiamsi
813 542 891 608 libri
906 543 1035 608 Veteris
1050 543 1254 608 Testamenti
1275 543 1337 609 soli
1351 544 1394 607 ad
1408 543 1495 607 hano

333 651 555 738 quaestionem
577 651 815 737 expediendam
835 661 964 738 praesto
986 663 1109 734 essent,
1142 651 1376 738 suspieendum
1396 651 1492 732 foret,

332 761 467 825 sabbata
485 758 554 844 jam
576 769 654 824 ante
667 759 784 824 Mosen
805 758 917 843 aliquo
938 761 1037 824 modo
1058 759 1160 824 firisse
1175 760 1343 826 distincta.
1382 761 1495 828 Quum

333 867 422 932 enim
443 868 552 934 Moses
573 867 715 954 plurima
736 867 889 933 instituta
916 889 1006 933 soora
1028 867 1200 952 (sacrificia
1221 869 1296 952 ete.)
1330 890 1399 932 non
1426 867 1495 953 pri-

332 997 406 1040 mus
428 975 604 1059 invenerit,
629 977 687 1040 sed
708 997 795 1041 nova
815 985 944 1041 tantum
965 975 1106 1059 ratione,
1131 997 1195 1060 quo
1217 975 1336 1041 melius
1350 975 1495 1040 Jehovae

331 1081 486 1170 religioni
512 1094 623 1150 essent
644 1085 897 1165 aooommodata,
923 1083 1091 1166 ordinarit,
1117 1083 1286 1169 probabile
1308 1094 1370 1166 est,
1395 1083 1496 1148 etiam

332 1192 514 1274 sabbatum,
541 1191 637 1277 quale
651 1192 707 1257 lex
721 1192 850 1258 Veteris
865 1193 1068 1260 Testamenti
1082 1192 1285 1278 praeseribit,
1310 1191 1374 1256 etsi
1388 1193 1496 1257 Israe-

331 1299 467 1365 litarum
488 1299 656 1385 proprium
671 1299 783 1382 fuerit,
808 1311 915 1366 ortum
931 1323 1001 1366 esse
1016 1300 1183 1385 exaliqua
1197 1310 1274 1366 ante
1288 1299 1390 1365 Musis
1405 1308 1496 1364 aeto-

332 1419 400 1474 tem
421 1407 543 1474 usitata
565 1407 696 1494 septimi
718 1408 877 1494 cujusque
901 1408 968 1474 diei
990 1410 1228 1474 observatione.

418 1517 490 1582 Nec
510 1515 590 1582 huic
611 1516 793 1581 sententiae
815 1527 1003 1603 repugnant
1024 1517 1099 1600 loci,
1125 1517 1245 1601 quibus
1259 1515 1388 1583 sabbati
1410 1516 1498 1581 eele-

332 1623 438 1690 bratio
459 1624 593 1711 signum
614 1623 753 1689 foederis
775 1625 862 1690 inter
875 1625 1033 1690 Jehovam
1056 1635 1089 1690 et
1102 1626 1267 1690 Israelitas
1289 1625 1497 1690 interceden-

333 1731 376 1798 tis
399 1755 470 1798 esse
491 1731 614 1797 dicitur
636 1733 779 1816 (uxor,
801 1739 849 1799 13.
883 1733 1001 1798 Ezech.
1029 1741 1081 1816 20,
1099 1721 1159 1798 'ra
1188 1733 1230 1800 of.
1255 1733 1341 1798 Neh.
1368 1741 1397 1814 9,
1428 1734 1492 1818 14).

333 1841 419 1906 Nam
445 1840 487 1906 iis
512 1862 580 1906 non
605 1851 762 1926 negatur,
799 1851 876 1905 ante
908 1841 1026 1905 Mosen
1059 1840 1203 1924 aliquam
1234 1839 1363 1907 sabbati
1394 1839 1496 1905 fixisse

332 1947 517 2030 notionem,
543 1949 601 2014 sed
622 1949 684 2014 hoc
705 1958 834 2014 tantum
857 1947 1035 2032 obtinetur,
1067 1972 1086 2014 a
1113 1947 1207 2013 nullo
1235 1957 1333 2035 gente
1361 1950 1496 2014 sabbata

334 2057 447 2122 eadem
469 2054 595 2122 ratione
617 2056 779 2121 observari
802 2079 866 2141 qua
887 2079 906 2121 a
927 2056 1071 2123 Jehovae
1092 2057 1225 2144 populo.

418 2165 586 2230 Fuerunt¹
617 2186 709 2247 vero,
742 2164 799 2249 qui
820 2174 1004 2230 statuerent
1031 2166 1136 2252 eapite
1158 2167 1243 2231 XVI
1270 2165 1349 2230 libri
1376 2165 1493 2248 Exodi,

333 2273 427 2362 eujus
442 2273 586 2338 narratio
600 2272 674 2337 aliis
690 2273 923 2339 documentum
939 2282 988 2338 est
1009 2273 1136 2340 sabbati
1157 2284 1234 2338 ante
1248 2273 1365 2338 Mosen
1387 2277 1496 2338 obser-

333 2381 401 2448 vati
420 2380 619 2468 (Osehwald,
639 2380 821 2463 Liebetrut,
841 2381 1068 2465 Saalsehuetz)‚
1094 2381 1232 2467 perinde
1253 2380 1382 2446 sabbati
1402 2403 1496 2446 men-

333 2489 459 2556 tionem
472 2489 555 2571 fieri,
581 2489 662 2554 acsi
683 2488 804 2576 populo
826 2501 924 2556 antea
945 2488 1045 2554 fuerit
1064 2489 1224 2575 ignotum.
1266 2489 1331 2555 Sed
1353 2489 1496 2575 diligen-

334 2599 400 2664 tius
422 2597 614 2685 inspicienti
635 2596 729 2662 nullo
751 2596 842 2661 illius
863 2597 1061 2663 narrationis
1076 2599 1173 2662 verbo
1188 2596 1225 2661 id
1239 2596 1406 2664 videbitur
1419 2620 1497 2685 pro-

332 2705 415 2770 bari.
461 2705 722 2786 animemus,
750 2726 881 2790 quaeso,
912 2703 1008 2769 haee:
1041 2703 1183 2789 populus
1207 2704 1334 2770 etiamsi
1357 2705 1495 2792 septimo

335 2811 388 2878 die
410 2813 582 2879 sabbatum
605 2835 674 2878 esse
696 2811 861 2898 agendum
884 2810 1018 2894 sciebat,
1042 2833 1111 2876 non
1132 2822 1259 2896 poterat
1280 2836 1349 2878 non
1370 2813 1492 2895 mirari,

335 2943 436 3007 quum
465 2931 556 2987 sexto
585 2920 639 2986 die
668 2941 809 2984 mannae
837 2941 906 2983 non
938 2930 1097 3003 quantum
1127 2920 1243 2986 ceteris
1273 2921 1404 3003 diebus,
1438 2921 1496 2986 sed

335 3030 474 3095 alterum
488 3038 618 3094 tantum
633 3025 855 3113 collegissent3
882 3048 976 3114 porro
991 3027 1095 3093 Mosis
1117 3031 1230 3094 verba:
1258 3030 1357 3110 „Cras
1379 3031 1496 3094 sabba-

334 3149 406 3204 tum
428 3147 478 3204 est
500 3141 586 3202 eto.“
610 3145 642 3200 et
665 3156 747 3218 quae
768 3133 926 3222 postridie
950 3133 1051 3200 dixit:
1086 3135 1204 3216 „Edite
1232 3159 1304 3201 eam
1331 3137 1496 3220 (mannam

335 3245 403 3312 diei
424 3239 791 3331 proximi'reservatsm)
818 3243 927 3325 hodie,
952 3264 1030 3308 nam
1045 3246 1217 3309 sabbatum
1231 3244 1375 3310 Jehovae
1397 3243 1495 3310 hodie

335 3364 399 3419 est:
425 3349 523 3418 hodie
545 3374 613 3418 non
635 3351 810 3418 invenietis
832 3355 935 3433 eam“,
962 3362 1048 3418 certe
1063 3373 1131 3416 non
1147 3362 1224 3417 sunt
1238 3353 1284 3417 ita
1299 3363 1493 3440 comparata,

334 3471 372 3526 ut
394 3470 465 3525 tum
487 3459 639 3525 instituta
661 3481 732 3526 esse
754 3461 889 3526 sabbata
910 3457 1101 3538 videantur;
1136 3460 1223 3544 quod
1252 3482 1328 3526 vero
1356 3460 1495 3547 septimo

336 3567 389 3633 die
418 3566 572 3633 nonnulli
601 3567 714 3634 cestris
745 3569 866 3654 egressi
896 3579 974 3634 sunt
1003 3589 1158 3633 mannam
1191 3567 1392 3653 quaesitum,
1427 3590 1495 3633 non

335 3677 536 3742 demonstrat
565 3697 620 3742 eos
649 3676 776 3742 sabbati
809 3675 958 3763 ignaros,
993 3677 1050 3740 sed
1079 3676 1187 3742 verbis
1216 3677 1319 3742 Mosis
1348 3676 1492 3758 diffisos3

336 3782 478 3869 denique
493 3785 591 3850 verba
605 3805 716 3849 versus
732 3790 791 3848 29:
818 3785 932 3865 „Ecca
959 3784 980 3847 J
981 3782 1084 3848 ehova
1098 3783 1190 3848 vobis
1205 3787 1377 3850 sabbatum
1391 3785 1491 3867 dedit,

335 3891 410 3960 ideo
424 3893 489 3958 'dat
509 3892 602 3958 vobis
623 3900 715 3958 sexto
738 3891 791 3956 die
813 3912 931 3976 panem
952 3890 1078 3973 bidui“,
1104 3894 1275 3957 sabbatum
1289 3902 1386 3958 antea
1400 3893 1497 3978 igno·

335 4011 407 4066 tum
439 3999 539 4065 fuisse
572 4022 643 4094 non
672 4008 810 4084 possunt
841 4001 993 4084 probare,
1032 4021 1133 4083 quum
1166 3999 1363 4065 antecedant
1394 4000 1492 4066 haee:

338 4109 538 4193 „Quousque
570 4129 637 4172 non
670 4106 771 4171 vultis
811 4127 938 4172 servare
978 4106 1067 4193 leges
1100 4129 1189 4172 meas
1226 4118 1259 4173 et
1294 4109 1494 4174 mandatal“

408 4359 429 4420 l)
452 4353 580 4410 Oehler
593 4353 612 4409 l.
627 4353 646 4411 l.
666 4371 693 4426 p.
712 4357 768 4410 194.
795 4355 1083 4426 Hengstenberg‚
1100 4355 1146 4409 der
1162 4355 1219 4425 Tay
1233 4357 1383 4411 desHerm
1398 4360 1495 4426 (1852).
