3276 5130
611 331 850 390 -111-

142 503 337 586 annidies),
355 500 452 564 facile
475 510 525 564 est
546 498 725 576 intellectu,
753 499 930 584 astrologos
945 479 1144 584 Babylonios
1167 500 1254 565 diem
1277 501 1314 564 in

142 635 219 680 sex
239 612 344 689 horas,
370 608 486 672 horam
508 607 544 670 in
566 605 735 690 sexaginta
756 607 973 691 sexagesimas
997 607 1166 688 dividisse,
1189 619 1227 673 ut
1247 609 1314 674 diei

146 728 211 784 360
237 717 453 802 sexagesimae
481 715 548 779 sint
570 725 603 777 et
625 713 688 792 sol,
720 736 780 798 per
808 714 895 778 diem
924 717 1036 778 orbem
1066 725 1173 779 totum
1201 717 1312 800 perlu-

149 838 271 906 strans,
295 824 436 909 singulis
459 821 670 907 sexagesimis
693 821 840 906 singulos
870 822 952 886 coeli
979 822 1099 906 gradus
1125 829 1313 907 pereurrat¹

152 935 235 998 sicut
259 931 401 1017 singulis
429 930 545 994 diebus
573 929 720 1013 singulos
750 931 869 1014 gradus
898 929 1005 994 lineae
1036 930 1223 1015 eclipticas,
1249 955 1313 1016 qua

149 1039 225 1104 anni
247 1039 353 1124 spatio
377 1060 510 1103 cursum
532 1058 689 1116 annuum,
717 1036 774 1119 qui
796 1048 939 1117 vocatur,
966 1037 1045 1122 agit.

230 1149 342 1229 Atque
371 1168 474 1230 quum
503 1145 669 1208 luminum
697 1143 796 1207 lunae
826 1155 976 1229 respectu
1005 1145 1086 1209 moti
1116 1159 1241 1227 essent,
1273 1159 1312 1211 ut

143 1276 272 1318 aunum
293 1253 332 1316 in
345 1255 416 1319 XII
436 1274 566 1318 menses
589 1262 622 1315 et
643 1273 776 1314 cursum
798 1274 945 1315 annuum
968 1253 1047 1317 solis
1070 1253 1106 1316 in
1121 1255 1192 1318 XII
1205 1266 1312 1339 partes

149 1362 232 1442 (XII
257 1361 365 1424 sidera
386 1361 517 1445 zodiaci)
545 1359 739 1438 dividerent,
765 1359 971 1440 factumest,
999 1372 1036 1424 ut
1058 1363 1157 1426 etiam
1179 1384 1313 1426 cursum

144 1468 379 1552 quotidianum
400 1468 510 1553 itaque
533 1467 621 1531 diem
642 1466 679 1529 in
700 1468 771 1530 XII
792 1477 900 1550 partes
920 1468 1036 1550 (kasta)
1065 1468 1309 1535 distribuerent.

147 1578 217 1640 Eas
232 1587 340 1639 autem
355 1587 551 1641 vocaverunt
575 1574 717 1653 „horas
739 1575 963 1659 duplices“,
990 1598 1091 1658 quum
1106 1588 1232 1642 sextam
1248 1577 1313 1641 diei

148 1693 275 1766 partem
296 1684 331 1746 in
354 1696 494 1766 quatuor
514 1694 621 1768 partes
644 1681 821 1746 dividendo
840 1684 961 1748 XXIV
983 1683 1078 1748 horas
1101 1685 1168 1749 diei
1190 1685 1313 1750 consti-

151 1802 241 1854 tuere
258 1790 395 1874 juvaret.

234 1899 405 1963 Praeterea
425 1899 593 1984 probabiIe
615 1900 761 1982 videtur,
787 1901 987 1986 Babylonios
1014 1921 1190 1963 numerum
1219 1922 1313 1965 sexa-

146 2006 318 2088 genarium
349 2018 516 2090 tamquam
548 2009 696 2092 regulam
727 2029 938 2073 numerorum
969 2007 1249 2092 disponendorum
1280 2020 1314 2073 et

146 2111 393 2176 scribendorum
415 2114 605 2179 adhibuisse
627 2127 758 2201 propter
780 2115 1076 2184 commodissimam
1097 2127 1249 2180 naturam
1271 2116 1314 2180 il·

144 2219 209 2283 lius
231 2220 377 2301 numeri,
392 2221 524 2307 ,quippe
547 2223 603 2306 qui
630 2224 777 2288 numeris
799 2226 843 2305 II,
864 2227 927 2302 III,
948 2225 1007 2302 IV,
1025 2223 1066 2303 V,
1085 2224 1143 2304 VI,
1163 2227 1209 2307 X,
1227 2226 1310 2307 XII,

144 2327 224 2408 XV,
241 2329 323 2409 XX,
341 2328 447 2392 XXX
469 2329 572 2393 dividi
594 2327 697 2415 possit
723 2333 777 2416 (cf.
795 2331 985 2412 Brandis,
1008 2337 1134 2415 Mons,
1155 2333 1261 2396 Mass·
1276 2355 1308 2396 u.

150 2436 421 2522 Getciclttssystem
435 2435 469 2500 in
491 2439 712 2520 Vorderosien,
736 2463 811 2526 pag.
834 2448 870 2503 10
887 2442 963 2523 sq.).

235 2545 300 2608 Eas
328 2545 471 2609 rationes
500 2544 578 2609 satis
608 2545 743 2610 idoneas
774 2547 940 2627 existimo,
966 2569 1048 2630 quae
1075 2547 1117 2610 ad
1142 2568 1310 2611 mensuras

151 2673 287 2715 numero
302 2653 427 2718 senario
444 2653 660 2718 dimetiendas
676 2655 844 2738 potuerint
865 2654 1014 2720 homines
1036 2655 1208 2720 adducere.
1245 2657 1312 2720 Re-

150 2769 227 2842 peto
249 2769 366 2842 tamen,
384 2783 437 2824 me
460 2761 658 2826 sententiam
680 2762 772 2827 illam
793 2765 834 2828 de
858 2766 1066 2827 sabbatorum
1088 2763 1213 2849 origine
1235 2763 1311 2848 pro-

147 2866 287 2949 positam
309 2891 377 2933 non
399 2879 438 2932 ut
459 2872 628 2954 probatam
650 2872 707 2935 sed
730 2871 982 2936 examinandam
1005 2873 1244 2936 commendare.

219 3075 242 3138 1)
262 3072 499 3144 Sexagesimarum
516 3075 567 3129 tali
584 3077 665 3130 modo
689 3078 902 3132 constitutarum
926 3094 1028 3130 senae
1052 3083 1117 3130 sunt
1140 3074 1310 3144 sexagesima

149 3156 202 3211 diei
220 3176 293 3229 pars.
330 3160 430 3230 Itaque
447 3159 595 3232 Babylonii
618 3161 648 3214 in
670 3162 863 3216 constituendo
886 3162 982 3216 ordine
1007 3160 1113 3214 dierum
1130 3159 1311 3215 hebdomadis

147 3244 328 3315 astrologicae
351 3251 375 3311 (Ι
392 3247 416 3312 6
434 3252 453 3308 B
471 3251 499 3311 a.
512 3251 533 3308 Ω
547 3253 570 3308 ‘c
584 3252 612 3309 Θ
633 3245 753 3316 singulis
770 3246 944 3316 planetarum
968 3245 1024 3300 diis
1048 3263 1149 3299 senas
1174 3245 1311 3316 ejusmodi

146 3331 332 3400 sexagesimos
349 3330 509 3388 attribuisse
526 3330 665 3396 videntur,
687 3331 722 3386 of.
740 3349 802 3402 pag.
820 3335 851 3385 18
868 3331 919 3386 lin.
935 3333 959 3384 2.
975 3333 1000 3384 3.
