3276 5130
757 291 991 353 -100-

294 461 408 527 Exodo
429 458 613 545 propositus
635 457 780 540 exhibet,
804 459 1068 543 antiquissimam
1091 457 1156 522 dici
1179 468 1212 522 et
1234 478 1322 535 eam,
1354 476 1453 538 quam

296 569 384 634 idem
412 567 579 653 perhibet,
612 565 671 631 otii
701 567 859 632 sabbatici
887 588 1017 632 causam
1048 587 1085 630 ac
1112 565 1273 630 rationem
1295 561 1452 628 Israelitis

295 674 476 760 antiquitus
499 674 600 739 fuisse
622 685 745 738 notam.
784 673 1033 739 Deuteronomii
1055 671 1192 756 scriptor
1211 671 1297 736 hanc
1319 670 1454 754 quidem

296 781 415 861 omisit,
443 782 500 846 sed
522 802 569 862 ea,
598 803 695 864 quam
717 781 753 846 in
774 781 883 846 locum
905 781 975 866 ejus
990 779 1162 844 substituit
1183 817 1226 828 -
1246 777 1454 843 hauddubie

294 901 464 976 propterea
486 889 574 971 quod
600 889 706 973 aptior
732 900 818 954 esset
846 889 888 953 ad
915 909 1082 954 servorum
1109 887 1257 970 requiem
1286 906 1454 951 commen-

294 998 436 1062 dandam
469 1034 513 1044 -
541 1017 652 1081 parem
682 996 810 1061 sabbati
843 1007 994 1060 naturam
1027 995 1133 1060 docet.
1185 995 1328 1079 Utraque
1362 991 1453 1056 enim

294 1103 458 1188 significat
480 1105 652 1168 sabbatum
675 1103 762 1167 diem
784 1103 928 1168 Jebovae
950 1125 1077 1168 sacrum
1104 1123 1176 1168 esse
1198 1113 1231 1167 et
1252 1102 1357 1166 otium
1378 1101 1455 1164 sab-

293 1211 438 1275 baticum
460 1212 569 1274 Deum
597 1207 774 1294 imperasse
802 1233 869 1276 non
897 1211 932 1276 id
960 1209 1133 1296 praecipue
1163 1221 1380 1295 spectantem,
1415 1217 1452 1270 ut

294 1317 471 1382 utilitatem
492 1317 636 1401 aliquam
657 1318 743 1384 vitae
765 1318 938 1384 hominum
959 1318 1095 1399 afferret,
1121 1319 1179 1384 sed
1201 1329 1238 1382 ut
1257 1336 1451 1382 monumen-

295 1435 366 1488 tum
395 1435 480 1488 esset
508 1424 557 1488 rei
587 1424 735 1490 divinae:
768 1427 837 1491 sive
858 1463 901 1474 -
924 1426 1010 1509 quod
1037 1424 1333 1490 Deuteronomium
1360 1443 1446 1508 prae-

293 1531 382 1596 dicat
403 1530 669 1596 —liberationis
690 1544 821 1616 patrum
842 1555 862 1598 a
883 1533 1008 1598 Jehova
1030 1533 1178 1616 effectae,
1212 1533 1280 1596 sive
1301 1569 1346 1579 -
1367 1530 1446 1613 quod

294 1639 426 1704 Euodus
443 1639 537 1704 docet
557 1676 594 1686 -
613 1639 732 1722 quietis
747 1641 822 1720 Dei,
847 1651 1090 1726 propterquam
1111 1640 1273 1725 principio
1295 1637 1450 1724 septimus

296 1746 366 1811 dies
389 1767 479 1810 sacer
500 1745 605 1812 factus
627 1749 681 1812 sit.
725 1748 833 1813 Simul
854 1748 913 1813 has
935 1749 1016 1814 duas
1038 1770 1088 1813 res
1110 1750 1319 1813 sabbatorum
1341 1767 1453 1811 causas

295 1875 364 1918 esse
378 1852 518 1934 habitas,
536 1863 687 1939 utsupra
702 1855 855 1936 vidimus,
881 1855 1035 1920 credibile
1047 1866 1107 1918 est.
1146 1849 1317 1920 Praeterea
1339 1855 1455 1917 ambae

295 1960 441 2046 decalogi
463 1961 586 2026 formae
609 1961 645 2025 in
660 1984 699 2027 eo
714 1964 936 2044 consentiunt,
962 1963 1049 2046 quod
1063 1963 1232 2046 utriusque
1247 1962 1329 2026 ratio
1345 1961 1452 2040 docet,

293 2069 403 2132 Deum
424 2089 492 2133 non
521 2068 615 2152 quasi
643 2069 816 2135 ambitiose
843 2069 1089 2156 praescripsisse
1118 2070 1223 2135 otium
1251 2067 1458 2134 sabbaticum

294 2185 460 2257 tamquam
487 2197 556 2240 rem
584 2176 755 2241 molestam
785 2188 817 2242 et
846 2199 905 2262 per
932 2197 968 2242 se
996 2175 1166 2257 inutilem,
1199 2199 1263 2260 quo
1292 2173 1458 2240 voluntati

294 2281 398 2366 ipsius
429 2303 470 2346 ex
497 2304 586 2347 mera
608 2283 748 2348 libidine
768 2284 932 2369 profectae
954 2283 1213 2369 morigeraretur,
1247 2284 1304 2348 sed
1326 2294 1365 2346 ut
1385 2303 1457 2345 rem

288 2388 471 2473 jucundam
493 2401 526 2453 et
547 2389 766 2472 utilissimam,
793 2392 886 2477 cujus
909 2391 1083 2456 dulcedine
1103 2390 1260 2456 memoria
1275 2399 1459 2453 servaretur

293 2496 358 2559 Dei
379 2495 528 2581 benigni.
576 2498 672 2562 Sacer
694 2497 795 2564 simul
822 2509 855 2563 et
876 2499 982 2564 laetus
1010 2497 1080 2563 dies
1106 2497 1234 2562 sabbati
1263 2497 1459 2562 existiman-

293 2603 354 2667 dus
386 2613 450 2682 est,
490 2614 729 2688 utramcrmque
758 2606 905 2690 decalogi
935 2606 1073 2672 formam
1109 2615 1252 2689 spectas,
1291 2615 1324 2668 et
1351 2603 1483 2698 otium‘

294 2710 499 2773 sabbaticum
520 2711 667 2775 officium
688 2712 789 2776 simul
810 2723 860 2777 est
881 2724 915 2778 et
935 2713 1143 2778 beneficium.

381 2817 554 2880 Praeterea
583 2817 619 2879 in
653 2817 788 2894 „libro
818 2819 1111 2900 sanctitatis“,
1148 2817 1206 2902 qui
1233 2816 1459 2901 compluribus

294 2922 376 2986 locis
398 2924 533 2987 sabbato
555 2923 651 2988 otiari
669 2923 783 3008 jubet,
819 2947 915 2990 causa
944 2925 1015 3011 ejus
1044 2925 1209 3011 praecepti
1238 2925 1457 3010 significatur.

294 3031 399 3115 Leges
421 3031 607 3096 sabbatioae
629 3030 699 3115 ejus
721 3041 800 3096 sunt
820 3030 898 3096 hae:
925 3034 1110 3098 Sabbata
1131 3053 1219 3096 mea
1241 3043 1462 3096 servatote

293 3149 334 3203 et
371 3160 534 3203 sacrum
571 3161 702 3203 meum
738 3139 1001 3204 verebimini.
1052 3142 1142 3220 [Lev.
1169 3146 1218 3220 19,
1247 3145 1298 3202 30.
1333 3145 1384 3218 26,
1410 3141 1458 3215 2),

295 3247 441 3312 Sancti
464 3257 611 3326 estote,
636 3268 725 3310 nam
748 3257 913 3311 sanctus
935 3269 1020 3311 sum
1042 3269 1129 3332 ego,
1155 3247 1325 3327 Jehova,
1349 3247 1460 3309 Deus

209 3423 211 3427 ,
294 3366 441 3418 vester.
505 3354 622 3418 Suam
664 3354 835 3437 quisque
878 3366 1043 3418 matrem
1080 3366 1118 3418 et
1154 3365 1308 3439 patrem
1345 3375 1461 3416 suum

296 3471 471 3524 amatote
494 3471 533 3524 et
555 3461 723 3524 sabbata
738 3472 1053 3526 measervatote.
1092 3463 1172 3546 Ego
1188 3481 1272 3524 sum
1287 3460 1459 3539 Jehova,

295 3569 404 3630 Deus
440 3578 589 3632 vester.
634 3566 722 3648 (Lev.
752 3574 802 3647 19,
829 3573 859 3630 2.
885 3567 931 3650 3).
990 3569 1038 3632 Et
1074 3579 1117 3632 tu
1157 3568 1215 3632 sic
1251 3567 1462 3650 alloquere

294 3673 413 3737 filios
436 3673 626 3738 Israelis:
659 3673 809 3756 Utique
832 3675 999 3737 sabbata
1020 3695 1104 3738 mea
1126 3685 1344 3753 servatote,
1371 3695 1462 3736 nam

294 3781 454 3865 signum
488 3790 548 3846 est
576 3780 686 3842 inter
717 3801 776 3843 me
809 3791 848 3844 et
881 3801 949 3843 vos
982 3781 1182 3864 stirpibus
1214 3781 1380 3860 vestris,
1417 3790 1461 3843 ut

298 3887 455 3952 sciatur
476 3908 552 3968 mc,
577 3887 598 3949 J
606 3885 785 3966 choram,
818 3907 905 3950 esse
928 3909 995 3951 vos
1021 3888 1365 3952 sanctificantem.
1412 3887 1462 3950 Et

294 3996 504 4059 sabbatum
541 4004 682 4057 sancte
710 3992 883 4078 agitote,
919 4015 1008 4057 nam
1041 4015 1196 4059 sacrum
1226 3995 1342 4058 vobis
1378 4003 1456 4072 est,

295 4102 363 4185 qui
407 4101 447 4164 id
486 4100 770 4184 profanaverit
812 4100 997 4178 moritor,
1049 4123 1138 4164 nam
1186 4100 1372 4183 quisquis
1416 4121 1463 4164 eo

293 4208 503 4293 negotium
548 4207 695 4293 egerit,
742 4207 776 4270 is
820 4207 978 4270 animus
1015 4207 1218 4272 exciditor
1254 4230 1301 4272 ex
1336 4219 1461 4294 gente
