3276 5130
600 327 814 390 ..63-

123 505 174 576 60,
205 505 346 561 166166
368 527 410 553 =
433 505 504 579 600,
535 506 548 559 1
575 519 661 562 66166
684 526 725 552 =
750 505 767 562 6
790 519 862 560 ner.
886 527 928 552 =
953 503 992 560 60
1015 518 1094 561 6666.
1120 527 1160 552 =
1184 504 1285 574 360ος

124 603 236 669 thora
252 635 298 660 =
316 613 356 668 60
372 605 581 690 sexagesimis
604 614 682 684 etc.;
709 603 808 666 etiarn
830 603 899 667 dies
922 603 958 666 in
979 624 1052 668 sex
1072 613 1179 688 partes
1202 603 1287 668 divi-

121 712 301 791 debatur¹;
332 713 525 777 1talcntum
540 741 580 767 =
599 711 749 790 6611616,
783 711 904 774 161166
920 689 961 765 ὲ
978 718 1017 774 60
1034 711 1137 791 616116;
1174 713 1289 790 11666

122 847 162 872 =
179 825 197 881 6
215 819 422 903 6666061161.
440 821 507 884 6611.
527 817 675 901 Senker.)
696 829 776 898 etc.;
802 829 900 902 atque
920 840 1058 882 numero
1079 819 1288 902 sexagenario

122 925 330 1009 Babylonios
353 949 427 992 usos
449 948 519 992 6666
541 937 708 1011 tamquam
733 926 846 1010 regula
875 947 1085 990 numerorum
1114 926 1290 1010 disponen-

122 1032 238 1096 dorum
264 1035 642 1119 (Scruposimal-System)
665 1043 781 1097 notum
804 1043 863 1098 est.
902 1035 1016 1118 Itaque
1038 1033 1193 1098 credibile
1206 1033 1289 1096 mihi

120 1139 267 1222 videtur,
295 1163 354 1205 sex
376 1141 504 1205 dierum
525 1141 668 1226 spatium
686 1163 872 1206 mensuram
887 1163 1058 1225 operarum
1072 1141 1184 1222 fuisse,
1209 1163 1238 1205 e.
1257 1163 1285 1216 c,

122 1246 157 1310 in
179 1249 398 1314 mercenariis
420 1249 652 1314 conducendis.
699 1248 791 1312 Hinc
819 1248 925 1330 facile,
957 1259 995 1312 ut
1023 1249 1147 1333 opinor,
1180 1249 1289 1333 potuit

121 1354 212 1436 fieri,
247 1367 290 1421 ut
319 1356 458 1441 operarii
488 1378 583 1442 saepe
614 1355 752 1440 septimo
782 1355 834 1419 die
864 1358 905 1420 ab
933 1377 1029 1440 611616
1058 1367 1220 1421 cessarent
1242 1367 1284 1439 66,

122 1482 226 1543 quum
249 1466 364 1529 crebro
386 1464 483 1528 multi
515 1463 614 1529 simul
640 1463 682 1526 ad
709 1484 791 1547 opus
821 1484 992 1526 commune
1019 1464 1285 1548 aggrederentur,

121 1569 221 1633 multi
244 1572 387 1658 septimo
410 1573 464 1636 die
486 1571 586 1637 simul
609 1571 732 1636 otiose
755 1572 883 1636 darent:
910 1581 1008 1654 atque
1030 1572 1115 1636 hanc
1128 1572 1286 1655 paulatim

122 1677 276 1742 omnium
299 1680 573 1744 consuetudinem
586 1679 707 1742 factam
722 1699 800 1759 esse,
827 1688 962 1742 naturae
977 1701 1084 1743 161616
1098 1679 1287 1744 1166116661-

124 1803 187 1864 que
209 1787 402 1852 necessitati
424 1796 680 1852 consentaneum
702 1795 763 1850 est.
810 1786 1002 1851 Communis
1031 1796 1140 1850 autem
1161 1788 1288 1851 utilita-

125 1889 168 1953 tis
197 1904 285 1975 erat,
319 1895 450 1960 eosdem
480 1916 607 1978 semper
634 1896 675 1958 ab
705 1893 857 1959 omnibus
887 1915 981 1958 senos
1012 1893 1081 1957 dies
1109 1916 1224 1978 operae
1255 1905 1288 1958 et

124 1995 231 2064 labori
253 2004 459 2087 eundemque
482 2003 656 2088 septimum
672 2023 833 2085 quemque
849 2001 936 2065 diem
951 2000 1018 2064 6616
1033 2001 1150 2064 tribui:
1177 2012 1282 2084 atque,

130 2106 217 2185 quod
243 2109 370 2174 utilitas
399 2111 518 2193 suasit,
552 2133 590 2174 66
618 2111 723 2199 magis
750 2109 902 2173 omnibus
930 2107 1091 2191 placuisse
1119 2109 1285 2191 probabile

134 2222 193 2292 est,
217 2236 316 2298 quum
338 2218 515 2302 septenarii
536 2217 668 2281 numeri
691 2215 858 2280 sanctitati
879 2214 1010 2298 septimi
1032 2215 1190 2299 cujusque
1206 2215 1282 2296 diei,

136 2337 193 2380 sex
217 2323 334 2405 priores
359 2325 469 2390 labore
497 2336 683 2390 6666661666
711 2321 932 2407 insequentis,
964 2321 1030 2385 6616
1060 2322 1285 2406 distinguendi

139 2425 280 2493 officium
300 2431 391 2496 facile
412 2433 579 2498 videretur
600 2432 722 2497 deberi.

219 2546 268 2610 Ita
288 2547 439 2612 videlicet
461 2549 609 2613 ordinem
629 2547 871 2612 hebdomadum
893 2545 1044 2610 hebraico
1066 2544 1208 2610 similem
1221 2569 1284 2632 116-

136 2658 214 2715 tares
235 2655 449 2740 constitutum
469 2677 550 2738 6666,
575 2656 667 2720 66116
688 2654 822 2735 6166616,
847 2676 944 2737 quem
965 2665 1136 2739 septenum
1159 2654 1284 2718 dierum

131 2778 276 2826 mensura
302 2786 371 2827 non
392 2773 569 2848 potuerunt
591 2763 747 2844 dimetiri,
779 2763 903 2826 ratione
924 2762 1047 2827 habita.
1101 2761 1189 2826 Illud
1217 2785 1284 2826 non

128 2885 195 2930 esse
217 2869 354 2952 1666661,
380 2883 490 2936 666616
512 2894 637 2952 616616
659 2893 787 2955 quaque
808 2870 888 2933 luna
906 2892 1028 2934 novum
1042 2870 1284 2933 hebdomadum

126 2974 275 3041 ordinem
300 2978 487 3064 inceptum,
519 3001 598 3044 6666
624 2979 811 3044 mirandum
841 2987 901 3042 est.
954 2978 1064 3060 Atque
1090 2999 1283 3061 quocunque

125 3085 219 3148 modo
243 3086 451 3152 arbitraberis
473 3087 595 3151 factum
610 3107 692 3168 6666,
709 3096 748 3150 66
762 3087 896 3149 sabbata
910 3083 1172 3166 instituerentur,
1196 3095 1282 3150 certe

124 3190 247 3256 mirum
275 3193 338 3258 tibi
366 3194 531 3259 videbitur
552 3193 755 3278 aequabilem
776 3191 1017 3254 hebdomadum
1046 3191 1162 3254 seriem
1189 3214 1283 3256 men-

121 3297 207 3364 sium
230 3300 348 3384 spatiis
364 3301 491 3366 diversa
505 3302 631 3366 ratione
648 3299 791 3364 definitis
808 3298 964 3378 turbari²,
988 3299 1178 3382 praesertim
1193 3321 1278 3383 vero,

122 3404 149 3466 si
175 3407 417 3472 hebdomadem
446 3431 632 3473 mensuram
660 3429 830 3492 operarum
859 3405 1014 3468 usitatam
1042 3405 1144 3470 fuisse
1172 3408 1278 3491 ponis,

122 3513 213 3580 Quid
245 3515 333 3579 enim
361 3539 390 3580 e.
415 3538 458 3597 6.,
489 3516 518 3580 61
542 3516 698 3580 locandae
726 3524 818 3579 erant
846 3535 961 3597 operae
991 3535 1048 3576 sex
1077 3513 1130 3577 vel
1158 3526 1281 3600 septem

114 3618 377 3705 hebdomadum,
403 3625 489 3706 quod
510 3623 665 3709 temporis
686 3621 829 3708 spatium
850 3644 955 3686 unum
983 3621 1035 3686 vel
1056 3622 1121 3686 duo
1143 3623 1281 3689 1616166

122 3727 192 3795 dies
215 3729 323 3794 sexies
344 3731 397 3794 vel
418 3731 537 3816 septies
552 3741 724 3816 septenum
745 3730 873 3794 dierum
893 3747 1066 3793 numerum
1088 3733 1281 3796 excedentes

122 3840 335 3904 continebat?
377 3841 432 3902 An
452 3839 559 3923 placet
580 3839 632 3903 his
661 3839 777 3903 diebus
806 3838 899 3921 quasi
926 3837 1142 3922 adscripticiis
1171 3840 1280 3922 quoti-

193 4041 217 4104 1)
238 4038 271 4092 V.
289 4038 437 4110 Epping‚
458 4033 651 4092 &sarmatae
668 4037 882 4100 Maria-naret,
905 4038 968 4090 1881
988 4053 1051 4108 pag.
1067 4039 1126 4090 284.

192 4128 216 4192 2)
240 4124 344 4179 Lunari
367 4124 455 4178 mensi
477 4125 590 4179 sabbata
611 4141 681 4178 66116
704 4123 791 4178 fuisse
814 4140 871 4176 non
894 4138 1004 4176 necesse
1025 4129 1081 4185 est,
1106 4121 1160 4176 nisi
1184 4121 1302 4176 Lunae.

123 4205 237 4264 fuerunt
261 4210 320 4264 dies
341 4210 416 4264 16661.
453 4210 548 4263 Lunae
566 4217 657 4263 autem
675 4208 733 4263 dies
750 4227 782 4264 66
805 4227 860 4262 666
878 4207 977 4274 fuisse,
1002 4215 1065 4261 ante
1087 4209 1156 4279 (pag.
1170 4211 1209 4276 61)
1233 4208 1277 4262 de·

123 4303 305 4350 monstratum
321 4303 371 4350 666.
