3310 5126
808 338 1023 398 „22-

337 511 446 571 Baur
467 517 554 570 reate
576 517 698 588 monet,
723 528 766 570 ne
789 504 862 589 quis
890 507 1074 588 arbitretur,
1101 507 1234 572 metalla
1255 508 1313 572 illa
1334 531 1394 594 pro
1415 511 1499 574 oari-

337 623 403 679 tate
425 614 477 677 vel
498 614 625 678 vilitate
641 615 815 678 distributa
830 635 917 678 esse:
943 615 1127 697 nonenim,
1153 617 1240 699 quod
1255 616 1386 680 minimi
1401 618 1499 702 pretii

337 721 398 804 sit,
429 722 601 808 plumbum
624 723 764 788 Saturno
787 732 836 787 est
858 722 1068 806 attributum,
1102 724 1159 788 sed
1181 723 1268 807 quod
1289 724 1426 788 minime
1447 747 1499 790 re-

337 830 445 914 fulget
467 839 499 893 et
520 841 649 915 praeter
670 853 788 895 aurum
810 829 1037 914 gravissimum
1059 841 1110 896 est
1130 831 1312 896 metallum.

424 938 518 1002 Haeo
540 937 673 1021 quidem
696 939 737 1002 de
758 937 888 1001 Bauri
918 938 1092 1002 sententia.
1138 939 1177 1002 P.
1203 940 1250 1003 de
1271 939 1495 1024 Lagarde1,

337 1046 472 1109 sabbata
493 1045 654 1130 principio
677 1045 781 1110 fuisse
804 1046 874 1112 dies
895 1045 994 1110 festos
1018 1047 1137 1128 „deae,
1172 1068 1255 1130 quae
1282 1047 1369 1111 vitae
1399 1048 1500 1111 finem

337 1153 517 1237 imponat“,
558 1175 656 1236 quam
692 1153 772 1218 olim
806 1155 846 1217 ab
875 1154 1037 1220 Hebraeis
1073 1154 1195 1219 cultam
1223 1175 1294 1220 esse
1328 1155 1376 1240 (ut
1403 1177 1501 1239 supra

336 1269 448 1345 pag.7
481 1261 814 1346 commemoravimus)
850 1283 891 1325 ex
919 1283 998 1326 voce
1028 1255 1101 1351 narb}
1131 1261 1286 1346 conjecit,
1324 1272 1357 1326 et
1386 1262 1500 1326 Satur-

336 1391 419 1431 num
452 1367 619 1452 planetam
650 1368 718 1453 jam
747 1369 930 1452 antiquitus
966 1371 1006 1432 ab
1037 1369 1103 1433 illis
1134 1363 1222 1465 tngo}
1253 1371 1499 1449 „sabbatioum“

337 1475 537 1560 appellatum
560 1498 629 1540 esse
650 1486 782 1562 putans,
811 1477 1003 1559 arbitratur,
1037 1478 1260 1557 „Phoenicum
1288 1480 1500 1562 Arabumque

338 1593 483 1648 catervas
512 1583 548 1646 in
577 1588 766 1670 Aegyptum
796 1586 944 1666 effusas“,
979 1606 1081 1669 quum
1112 1587 1273 1651 Sanbatae
1304 1596 1338 1651 et
1365 1585 1500 1651 Saturni

342 1690 446 1775 (eujus
462 1691 595 1756 eaedem
616 1691 741 1757 fuerint
763 1693 851 1778 apud
864 1693 1044 1779 Aegyptios
1065 1703 1183 1778 pantes,
1210 1715 1292 1776 quae
1315 1694 1404 1779 apud
1425 1693 1501 1758 illos

338 1799 510 1883 Sanbatae)
536 1799 710 1884 religiones
733 1800 923 1884 coaluerint,
950 1801 1128 1865 Saturnum
1157 1803 1218 1880 „ab
1249 1803 1363 1866 eadem
1391 1801 1501 1866 radiae

338 1927 484 1988 vocasse,
511 1909 600 1972 unde
623 1909 766 1973 Sanbata
787 1931 909 1973 nomen
930 1908 1083 1990 traxerit,
1117 1907 1361 1990 simulantem,
1388 1917 1427 1972 ut
1448 1909 1501 1972 sui

338 2037 372 2080 se
397 2015 482 2099 juris
510 2037 579 2080 esse
609 2017 884 2098 demonstrarent,
924 2018 1087 2082 Sanbatae
1123 2017 1212 2080 diem
1246 2016 1283 2080 in
1318 2017 1501 2102 septimana

337 2124 492 2188 ultimum
526 2145 596 2188 esse
627 2125 799 2206 staurisse,
839 2147 915 2190 oum
944 2125 1079 2190 Saturni
1106 2125 1176 2189 dies
1205 2125 1294 2209 apud
1321 2125 1501 2210 Aegyptios

337 2232 462 2317 primus
483 2231 616 2296 fuerit“.
655 2234 702 2296 At
722 2233 880 2319 Aegyptii
901 2243 1036 2314 veteres,
1063 2233 1120 2316 qui
1136 2233 1314 2298 Saturnum
1335 2233 1500 2318 planetam

337 2362 406 2405 non
426 2339 600 2424 praecipuo
622 2340 745 2405 honore
759 2341 978 2422 habuerrmt²,
1004 2341 1092 2405 diem
1108 2341 1242 2405 Saturni
1257 2363 1325 2405 non
1340 2341 1498 2406 distinxe·

337 2459 426 2530 rmrt,
452 2458 485 2512 et
506 2469 629 2512 nomen
651 2442 739 2540 tngo}
766 2449 863 2533 (quod
885 2471 953 2514 non
974 2447 1142 2513 invenitur
1170 2448 1237 2512 nisi
1259 2449 1295 2512 in
1317 2449 1408 2514 libris
1429 2461 1504 2535 post

339 2556 417 2621 Chr.
450 2564 518 2618 nat.
550 2555 690 2640 seriptis)
720 2557 896 2640 posteriore
931 2557 981 2621 illi
1018 2567 1162 2640 tempore
1191 2557 1382 2641 impositum
1418 2580 1498 2639 esse,

338 2685 440 2746 quum
454 2662 575 2726 Judaei
597 2663 790 2748 astrologiae
813 2687 944 2749 operam
966 2665 1042 2727 dare
1065 2663 1258 2748 coepissent,
1283 2665 1362 2729 satis
1384 2669 1503 2750 proba-

337 2771 404 2835 bile
432 2779 492 2835 est.
544 2770 693 2855 Lagarde
723 2771 856 2853 quidem
884 2771 1036 2856 planetae
1063 2793 1186 2836 nomen
1212 2765 1301 2839 unu
1329 2773 1503 2857 antiquum

339 2899 407 2943 esse
431 2899 469 2942 eo
492 2877 595 2942 eredit
617 2877 720 2959 effici,
747 2879 835 2961 quod
856 2879 1086 2964 Epiphanius3
1114 2879 1154 2944 de
1176 2879 1317 2963 planetis
1340 2880 1503 2945 disserens

337 2988 454 3050 Jovem
475 2984 601 3068 Χωχὲβ
622 2981 720 3050 Βάαλ
744 2988 796 3069 (=
811 2979 874 3053 tm
896 2989 981 3072 rau)
1008 2998 1112 3068 vocet,
1138 3009 1221 3071 quae
1244 2986 1440 3072 significatio
1464 3008 1502 3052 eo

338 3105 483 3177 tempore
506 3093 583 3158 oriri
604 3115 672 3158 non
693 3095 853 3178 potuerit,
880 3117 944 3178 quo
965 3117 1062 3160 nemo
1092 3116 1171 3159 voce
1200 3095 1295 3159 Baali
1324 3095 1374 3160 uti
1403 3115 1501 3158 ausus

338 3211 425 3267 esset
445 3200 512 3265 nisi
534 3200 632 3286 longo
654 3203 813 3268 sermonis
834 3224 899 3266 usu
921 3214 1107 3268 excusatus.
1148 3204 1213 3268 Sed
1234 3202 1371 3268 minime
1393 3201 1503 3284 sequi-

338 3319 402 3392 tur,
434 3319 473 3373 ut
501 3309 627 3393 Χωχὲβ
655 3306 779 3397 Σαβὴθ
809 3309 880 3394 ejus
909 3311 1025 3376 aetatis
1058 3313 1119 3394 sit,
1158 3333 1222 3394 qua
1256 3310 1351 3374 Baali
1385 3308 1502 3394 religio

338 3417 505 3482 mentibus
520 3417 721 3482 inhaerebat.
760 3419 880 3483 Nonne
895 3440 959 3484 vox
974 3418 1062 3485 *null
1077 3419 1238 3504 posterius
1252 3419 1329 3482 fiota
1343 3417 1503 3482 inlocum

339 3523 533 3608 antiquioris
556 3525 700 3591 nominis
722 3525 835 3591 stellae
857 3527 1015 3592 substitui
1035 3527 1165 3612 potuit‘l

425 3631 615 3696 Bohlen4
637 3634 806 3699 Hebraeos
829 3634 908 3698 olim
930 3635 1109 3700 Saturnum
1138 3634 1278 3699 coluisse
1306 3635 1502 3719 probaturus

339 3741 382 3806 ad
410 3741 571 3805 Amosum
591 3751 762 3825 provocat,
796 3741 854 3824 qui
878 3748 907 3822 5,
927 3748 967 3804 26
998 3742 1163 3807 Israelitas
1192 3742 1271 3807 olim
1300 3742 1337 3805 in
1366 3741 1502 3806 desertis

340 3851 519 3914 Saturnum
547 3858 718 3912 veneratos
748 3869 817 3912 esse
832 3841 836 3848 ’
849 3847 947 3912 dieat.
997 3851 1056 3916 Est
1085 3850 1218 3934 quidem
1254 3849 1337 3912 mihi
1374 3872 1502 3934 quoque

410 4049 431 4112 1)
450 4044 617 4100 Psalterium
634 4044 803 4115 Hieronymi,
824 4061 887 4116 pag.
901 4047 958 4100 159.

408 4135 433 4197 2)
454 4131 620 4202 Lepsius,
643 4129 813 4200 Ultroaolopie
832 4132 879 4185 der
896 4133 1039 4205 Aepypter,
1060 4134 1129 4188 193.
1208 4168 1219 4188 .

409 4221 432 4284 3)
454 4213 605 4291 Πανάριον
624 4219 665 4281 16,
686 4219 700 4268 2
722 4221 758 4287 (p.
773 4219 806 4270 86
824 4217 868 4271 ed.
889 4216 1008 4284 Oohlerl.

409 4306 433 4368 t)
455 4304 515 4358 Dae
533 4304 586 4358 alte
605 4303 713 4370 Indiave,
734 4303 763 4358 Π
782 4306 832 4358 244
844 4320 904 4374 sqq.
