3310 5126
618 1077 833 1161 caputr.

232 1345 475 1414 Praemittenda
490 1355 538 1412 est
552 1345 661 1412 brevis
676 1345 854 1432 disputatio
869 1346 910 1412 de
924 1346 1082 1413 vocabulo
1093 1339 1177 1438 tuti.
1202 1348 1308 1412 Hoea

146 1455 255 1522 radice
270 1448 363 1523 333351
387 1454 568 1537 „desinere,
593 1455 771 1540 quiescere,
788 1455 1010 1540 requiescere“
1027 1477 1097 1522 asse
1111 1455 1305 1542 profectum,

142 1563 212 1650 jam
225 1585 285 1649 pro
300 1563 465 1650 explorato
479 1563 650 1629 hahemus.
679 1563 775 1629 Illam
790 1563 879 1629 enim
893 1564 1101 1646 sententiam,
1117 1557 1190 1654 nzfti
1202 1572 1309 1628 ortum

147 1695 189 1738 ex
203 1665 299 1767 mati
321 1672 505 1758 significare
528 1666 712 1755 ἑβδομάδα,
739 1693 821 1756 quae
836 1671 901 1736 fuit
920 1671 1140 1758 Theophili
1161 1671 1309 1737 Antio-

148 1781 288 1846 cheni²
310 1791 343 1846 et
355 1778 600 1862 Lactantii³,
617 1790 727 1844 nostro
744 1789 888 1865 tempore
899 1780 970 1866 jam
983 1803 1081 1846 nemo
1095 1783 1221 1866 probat.
1257 1780 1308 1844 De

147 1889 268 1955 forma
278 1888 429 1955 vocabuli
440 1897 577 1970 constat,
587 1887 739 1973 dagesch,
751 1909 814 1973 quo
825 1889 1152 1976 literangeminatur,
1162 1910 1230 1953 non
1239 1909 1309 1952 esse

146 1997 358 2080 fimativum,
375 2008 414 2062 ut
428 1989 502 2088 rtet}
515 1996 749 2081 pronuntietur
762 2019 821 2084 pro
837 1990 936 2092 rffiut}
949 1997 1151 2092 (Boettcher,
1169 2017 1306 2082 gramm.

147 2107 266 2192 5621),
291 2106 350 2171 sed
372 2099 446 2195 33,ιή
466 2103 498 2170 ei
520 2104 694 2170 nominum
717 2105 840 2190 generi,
866 2105 959 2190 cujus
980 2105 1082 2170 altera
1096 2104 1215 2170 radicis
1230 2125 1309 2170 con-

219 2281 243 2344 1)
269 2277 321 2332 Vis
343 2275 446 2332 radicis
467 2275 630 2350 principalis
655 2275 767 2332 videtur
789 2275 876 2332 fuisse
899 2293 1049 2344 „resecare
1083 2279 1240 2349 amputare“
1266 2273 1309 2342 (de

149 2362 284 2434 Lagarde,
296 2361 461 2430 Dilmun),
480 2364 553 2420 unde
571 2361 788 2434 significationes
803 2362 907 2430 „finire
928 2362 1081 2430 desistere“,
1103 2362 1201 2418 deinde
1217 2362 1309 2434 ,quie-

151 2453 239 2504 scere“
251 2447 449 2520 profluxerunt.
471 2449 591 2506 Verbum
603 2448 737 2521 assyrium
749 2447 846 2504 e'abdtu
857 2448 1008 2520 secundum
1017 2449 1048 2504 11
1061 2448 1096 2504 R.
1112 2451 1153 2516 25,
1171 2451 1224 2504 tta
1236 2447 1310 2503 idem

151 2533 226 2590 velet
247 2551 278 2590 ec
300 2535 414 2608 paruam
434 2534 518 2603 (hebr.
538 2538 600 2615 nna)
620 2535 782 2603 „oonfloere,
808 2535 911 2601 finiret
936 2543 964 2592 et
984 2536 1136 2604 „desecare‘⁴
1161 2535 1311 2591 secuudum

150 2621 333 2692 fmgmentum
353 2620 603 2694 lexicographioum
626 2623 663 2678 Κ.
681 2625 762 2688 4353,
794 2622 825 2677 in
854 2641 909 2694 quo
931 2621 1050 2694 legimus
1072 2619 1166 2678 dotata
1184 2617 1214 2676 ἔα
1232 2621 1312 2677 moti

149 2747 177 2774 „.
193 2749 199 2762 .
215 2751 222 2764 .
237 2707 271 2762 de
281 2715 443 2780 tempestate
456 2708 572 2764 dictum“
589 2708 609 2762 i.
624 2727 647 2763 e.
662 2708 871 2780 „defringere“t,
893 2717 922 2765 et
939 2708 1035 2765 teratu
1053 2705 1086 2764 a’a
1104 2705 1173 2765 daim
1188 2749 1215 2776 „.
1232 2751 1238 2764 .
1254 2750 1260 2764 .
1276 2709 1310 2764 de

148 2793 284 2849 humente
302 2793 420 2850 diotum“
437 2794 456 2850 i.
470 2813 495 2850 e.
515 2795 697 2860 „frumentum
715 2794 860 2862 desecare“,
886 2803 915 2850 et
931 2794 1027 2851 tatum
1042 2793 1074 2851 da
1091 2796 1165 2852 kshrr‘
1180 2835 1209 2861 „.
1226 2837 1255 2851 ..
1277 2795 1310 2851 de

151 2879 342 2935 ...diotnmt
362 2911 398 2922 -
415 2881 509 2942 Quum
524 2889 617 2937 autem
629 2876 735 2937 dabattu
751 2880 796 2950 (de
815 2899 869 2952 quo
887 2881 968 2948 infra)
987 2881 1073 2949 „diem
1090 2881 1191 2954 quietis
1208 2881 1312 2938 eordis‘

148 2983 207 3022 esse
224 2965 254 3020 in
271 2965 368 3023 tabula
379 2967 484 3040 assyria
495 2966 718 3039 lexicographioa
728 2967 859 3038 legamus,
880 2969 994 3023 verbum
1009 2963 1103 3023 dobdtu
1120 2969 1204 3024 etiam
1221 2969 1310 3040 ,quie-

149 3051 257 3108 scendi“
275 3052 506 3124 significationem
522 3052 652 3109 hahuisse
669 3052 739 3108 mihi
751 3071 910 3125 persuasum
922 3061 972 3111 est.
1003 3054 1137 3110 Radioem
1155 3055 1216 3126 ejus
1234 3065 1311 3119 natta

148 3155 208 3194 esre
225 3137 321 3204 oredo,
345 3157 401 3194 non
419 3150 492 3205 nnn,
512 3163 544 3188 ιε
562 3141 637 3195 arah.
657 3131 735 3208 cas-,3
754 3139 1020 3207 (Muehlau-Voloh),
1041 3140 1171 3211 quoniam
1187 3141 1311 3197 Arabum

148 3260 237 3310 w
253 3247 424 3314 ,amputare“
436 3251 464 3298 et
475 3242 559 3298 etiam
572 3267 603 3290 -ε
618 3221 651 3330 ph
670 3241 834 3314 „quiescere
850 3242 980 3300 dormire*
992 3243 1120 3314 congruit
1131 3260 1193 3298 oum
1205 3243 1310 3316 assyrio

149 3323 244 3384 debota
267 3335 296 3384 et
318 3327 449 3384 hebraico
473 3329 548 3396 und,
576 3337 604 3385 et
625 3329 767 3396 Aramsei,
798 3347 954 3401 equorum
976 3328 1072 3400 lingua
1095 3329 1166 3384 hano
1190 3329 1311 3386 radicem

149 3431 260 3485 prorsus
278 3413 397 3470 alienam
413 3413 500 3471 fuisse
518 3433 573 3472 uon
591 3413 742 3472 verisimile
759 3421 814 3482 est,
842 3414 941 3497 reputt,
968 3415 1028 3496 ruti
1047 3421 1109 3482 eta,
1136 3434 1192 3471 non
1215 3425 1307 3484 unns,

149 3563 212 3610 mu
230 3552 335 3610 dicunt.
366 3552 442 3608 Num
459 3553 583 3610 Arabum
600 3571 681 3611 voces
697 3500 793 3604 {adm
808 3558 941 3625 ,tempud
957 3561 987 3610 et
997 3510 1109 3630 taynus
1125 3553 1311 3626 „malignitw

149 3691 184 3746 ad
201 3689 316 3746 eandem
332 3688 453 3746 radicem
469 3692 638 3748 revocandae
657 3691 716 3746 sint
732 3690 773 3758 (de
791 3689 931 3763 Legerda,
951 3689 1117 3748 Psalterium
1134 3693 1306 3766 Hieronymi,

149 3793 177 3848 p.
193 3778 263 3842 158),
283 3775 312 3832 in
329 3776 421 3832 medio
439 3775 576 3850 relinquo.
614 3779 653 3834 At
672 3783 776 3832 certum
793 3783 847 3844 est,
874 3776 945 3832 hano
968 3777 1089 3834 radicem
1111 3779 1236 3835 aradios
1261 3780 1315 3838 :tui

147 3860 231 3934 longe
248 3861 395 3919 abhorrere
414 3867 519 3928 (conns
538 3863 687 3920 Baehrium
705 3861 824 3936 disputo,
851 3863 916 3920 ride
935 3865 1072 3938 symbolik
1088 3863 1134 3920 deo
1150 3865 1310 3922 notatam

154 3947 255 4014 Gsdtca,
276 3947 306 4003 Π
323 3966 386 4021 pag.
401 3951 471 4016 533).

217 4035 242 4099 2)
263 4033 308 4088 Ad
325 4033 421 4091 Autol.
438 4035 513 4091 1112
536 4037 652 4106 (113330
671 4035 713 4090 ed.
732 4035 826 4104 otto:
853 4035 896 4090 ὅτι
915 4033 977 4110 παρ’
994 4031 1134 4110 Ἑβραίοις
1152 4035 1168 4088 ὃ
1186 4037 1310 4092 καλεῖται

150 4115 289 4190 σάββατον
306 4117 446 4187 ἑλληνιστὶ
464 4116 645 4194 ἑρμηνεύεται
663 4117 792 4193 ἑβδομάς,

218 4207 243 4272 3)
267 4205 335 4260 inst
353 4205 473 4262 v1114:
500 4206 568 4262 Dies
593 4205 715 4273 sabboti,
749 4206 797 4277 qui
820 4205 918 4278 lingua
941 4207 1131 4263 Hebraeorum
1157 4225 1174 4262 a
1198 4224 1309 4264 numero

149 4307 247 4345 nomen
265 4290 379 4362 accepit.
