3310 5126
629 393 842 454 ...13-

151 572 266 644 strare,
290 562 435 628 Graecos
458 572 492 627 et
506 561 673 629 Romanos
694 565 903 630 sabbatorum
924 565 1031 631 simile
1054 565 1133 650 quid
1147 565 1312 632 habuisse.

152 671 247 739 Quae
278 669 442 735 sententie
465 669 537 756 jam
567 693 604 735 eo
633 671 803 752 refellitur,
837 674 925 756 quod
952 671 1124 758 scriptores
1152 674 1314 739 Romani¹

153 778 289 843 sabbata
310 787 349 843 ut
362 777 565 845 Judaeorum
587 779 716 865 propria
730 779 886 846 illudunt.
927 781 1048 848 Versus
1064 791 1176 847 autem
1189 783 1316 848 Home-

223 1055 246 1118 1)
264 1053 363 1108 ovid.
385 1070 431 1110 ars
448 1070 500 1108 em.
517 1053 533 1108 I
550 1055 702 1109 413-4162

358 1147 401 1203 Tu
417 1147 484 1204 lieet
500 1147 627 1221 incipias,
648 1167 703 1222 que
720 1148 824 1205 flebilis
841 1149 919 1206 Allia
935 1149 998 1206 luoe

412 1234 582 1291 Vulneribus
598 1235 689 1292 Latiis
707 1235 920 1308 sanguinolenta
936 1236 1000 1304 fuir,

362 1321 480 1394 Quoque
498 1321 544 1377 die
561 1321 679 1377 redeunt
695 1323 779 1378 rebus
796 1322 889 1378 minus
906 1330 972 1394 apte
989 1323 1118 1394 gerendis

411 1406 494 1464 Oulta
510 1407 670 1464 Palaestino
688 1409 806 1480 septima
822 1410 893 1466 feste
911 1407 987 1482 Syro.

222 1511 342 1584 Ejusd.
363 1529 429 1566 rem
447 1530 499 1567 am
518 1514 668 1569 217-220:

359 1606 414 1662 Sed
432 1614 536 1678 quanto
553 1607 645 1664 minus
663 1608 703 1664 ire
720 1607 808 1674 voles,
827 1608 916 1680 magis
933 1607 974 1665 ire
986 1616 1130 1666 memento.

411 1694 506 1750 Perfer
524 1701 552 1749 et
568 1694 672 1751 invitos
690 1712 797 1751 ourrere
815 1712 882 1766 ooge
899 1694 991 1767 pedes.

360 1779 420 1836 Nee
437 1779 548 1852 pluvias
565 1789 640 1853 opta,
661 1799 712 1838 neo
729 1789 757 1837 te
774 1781 920 1854 peregrina
937 1788 1077 1837 morentur
1181 1835 1184 1846 ,

411 1865 531 1923 Sabbata
548 1885 598 1923 neo
616 1867 724 1924 demnis
740 1867 817 1924 Allia
834 1877 900 1927 uota
917 1867 984 1926 suis.

223 1971 316 2026 Pers.
337 1978 388 2027 sat.
406 1971 509 2027 Vlsd:

359 2067 450 2122 stre
467 2084 561 2124 moves
578 2066 689 2134 troitus,
710 2067 883 2140 reoutitaqua
901 2067 1016 2125 sabbata
1034 2065 1132 2140 polles.

222 2169 383 2227 Juvenal.
403 2177 454 2226 sat.
473 2170 543 2226 XIV
561 2172 594 2224 96
606 2185 683 2242 sqq.:

363 2264 484 2325 Quidem
501 2264 594 2322 sortiti
611 2272 779 2322 metuentem
796 2265 910 2322 sabbeta
927 2271 1033 2338 patrem

362 2350 414 2406 Nil
428 2359 536 2422 praeter
552 2353 640 2408 nubes
658 2359 686 2408 et
704 2350 775 2406 ooeli
793 2369 893 2408 numen
910 2351 1027 2408 adorant

363 2437 424 2492 Neo
442 2436 542 2494 distare
560 2445 661 2509 putant
677 2438 798 2493 humana
815 2453 895 2493 earne
914 2435 1033 2505 suillam,

363 2523 440 2584 Quae
457 2530 535 2596 peter
552 2523 703 2592 abstinuit;
723 2540 788 2579 mox
805 2531 833 2579 et
850 2523 995 2596 praeputia
1013 2529 1127 2594 ponunt.

360 2608 500 2665 Romanos
518 2617 611 2666 autem
628 2609 704 2666 soliti
722 2617 895 2666 oontemnore
911 2609 988 2681 loges

359 2694 505 2750 Judeioum
522 2696 650 2753 edisount
668 2703 696 2752 et
713 2704 823 2753 servent
840 2714 872 2753 ao
889 2703 1017 2753 metuunt
1030 2697 1088 2769 jus,

363 2780 492 2837 Tradidit
509 2799 608 2838 aroano
627 2783 811 2855 quodeunque
828 2782 965 2839 volumini
981 2784 1083 2839 Moses.

358 2869 424 2925 Non
441 2876 594 2926 monstrare
611 2869 671 2926 vies
689 2869 784 2926 eedem
801 2869 859 2926 nisi
877 2886 953 2924 soora
970 2868 1083 2934 solenti,

360 2955 526 3016 Quaesitum
543 2955 580 3010 ad
597 2955 703 3011 fontem
720 2955 795 3014 solos
813 2955 948 3011 deducere
964 2973 1072 3028 verpus.

360 3041 414 3096 Sed
432 3041 557 3114 poterin
574 3058 665 3110 oeusa,
686 3042 732 3097 oui
750 3041 866 3114 septimo
883 3059 1008 3114 quaeque
1025 3041 1081 3098 luit
1099 3040 1148 3096 lux

361 3128 474 3198 Ignara,
495 3135 523 3184 et
540 3135 647 3201 partem
663 3128 738 3185 vitae
755 3145 811 3184 non
828 3127 924 3200 attigit
940 3126 1033 3183 ullam.

224 3229 268 3285 Ol.
287 3230 328 3286 VI
347 3234 410 3286 159:
432 3231 589 3288 observant
606 3232 655 3289 ubi
672 3232 745 3288 leste
761 3249 835 3287 mero
853 3231 923 3303 pede
941 3231 1055 3286 sabbata
1071 3246 1159 3300 reges.

223 3333 331 3391 Tacit.
358 3333 423 3390 hist.
438 3335 504 3390 Vl:
526 3333 648 3406 Septimo
667 3335 711 3391 die
729 3335 816 3391 otium
834 3333 970 3406 placuisse
988 3333 1089 3401 lerunt,
1111 3331 1177 3406 quia
1195 3333 1220 3388 is
1238 3333 1319 3388 linem

292 3419 417 3475 laborum
427 3420 534 3478 tulerit.
565 3421 639 3478 Dein
650 3420 810 3478 blandiente
822 3420 922 3476 inertia
940 3418 1086 3491 septimum
1097 3435 1207 3491 quoquo
1219 3437 1320 3474 annum

293 3505 420 3576 ignaviae
439 3507 541 3564 dotum.
1043 3524 1045 3530 ·

223 3608 336 3666 Rutil.
357 3609 390 3664 de
408 3610 500 3666 reditu
518 3629 577 3679 suo,
598 3611 613 3668 I
631 3615 680 3666 387
695 3629 770 3684 sqq.:

360 3705 515 3764 Reddimus
532 3709 682 3765 obseoenoe
700 3706 826 3764 eonvioia
843 3705 937 3761 debita
954 3703 1040 3776 genti,

412 3791 491 3854 Quae
507 3793 628 3865 genitale
646 3801 729 3866 eaput
745 3792 913 3866 propudiosa
930 3791 1024 3847 metit:

360 3877 454 3934 Radix
471 3879 621 3936 stultitiae:
642 3880 688 3936 oui
704 3879 808 3952 frigido
826 3879 940 3935 sabbate
957 3877 1041 3944 oordi,

413 3963 468 4022 Sed
485 3983 532 4022 oor
549 3966 682 4038 frigidius
698 3965 845 4038 relligione
863 3983 921 4021 sua.

360 4050 482 4124 Septimo
499 4069 625 4125 quaeque
644 4051 703 4108 dies
720 4053 797 4124 turpi
815 4053 942 4108 damnate
958 4057 1080 4118 veterno,

412 4138 563 4210 Tamquam
579 4137 677 4194 lassati
694 4137 787 4194 mollis
804 4139 894 4210 imago
913 4137 967 4192 dei.

360 4223 459 4280 (letare
475 4223 615 4280 mendatis
634 4223 814 4280 deliramenta
830 4231 950 4280 oetastae

410 4311 470 4367 Neo
487 4327 587 4384 pueros
605 4327 699 4368 omnes
717 4310 827 4368 eredere
844 4326 925 4382 posse
942 4327 1011 4366 reor.
