3276 5130
669 359 905 420 -105-

208 525 322 620 igitur,
348 535 386 590 ut
407 524 491 590 mihi
513 526 654 608 videtur,
678 549 731 592 res
744 531 878 613 probat,
898 527 1163 592 rationem-illam
1178 526 1238 592 otii
1253 529 1370 594 sabba·

209 633 267 698 tiei
296 656 316 698 a
344 632 516 730 scriptore!
531 633 609 698 libri
639 633 802 700 elohistiei
829 636 884 718 (A,
910 636 974 718 PC)
1004 634 1173 700 inventam
1199 637 1240 701 ab
1267 657 1370 720 eoque

208 752 265 804 aut
287 741 329 804 ab
351 740 501 822 homine,
532 740 590 824 qui
611 753 683 826 post
705 763 781 806 eum
803 741 913 822 fuerit,
938 741 974 806 in
997 742 1189 828 decalogum
1211 741 1371 808 intextam

209 869 296 912 esse:
323 847 424 912 immo
447 870 523 913 vero
545 860 621 914 ante
644 871 720 914 eum
741 849 847 934 primo
870 849 906 912 in
928 848 1075 934 decalogi
1097 849 1217 916 deinde
1236 849 1275 913 in
1292 849 1370 914 libri

208 953 394 1020 sanctitatis
433 954 506 1039 iege
544 957 709 1022 sabbatiae
740 957 798 1022 illa
830 955 913 1020 ratio
945 956 1075 1028 videtur
1112 955 1289 1035 exstitisse,
1334 957 1370 1020 in

207 1063 331 1127 librum
346 1072 457 1126 autem
477 1062 684 1128 elohistieum
706 1086 782 1130 eum
804 1063 882 1150 ipsis
904 1063 972 1128 illis
994 1063 1122 1150 legibus
1137 1064 1272 1129 inducta
1287 1085 1368 1130 esse.

293 1169 435 1234 Etiamsi
457 1191 533 1235 vero
557 1169 634 1234 libri
656 1169 817 1236 elohistioi
840 1169 977 1255 scriptor
997 1171 1123 1256 primus
1152 1193 1224 1236 eam
1252 1193 1371 1256 propo-

208 1277 344 1358 suisset,
377 1287 488 1341 tamen
510 1298 578 1341 non
599 1277 765 1343 videretur
794 1277 856 1342 hae
877 1300 917 1360 ¹re
945 1277 1146 1363 significare,
1178 1299 1214 1344 se
1240 1278 1281 1344 de
1311 1277 1371 1344 otii

207 1383 368 1450 sabbatiei
389 1394 506 1449 natura
528 1407 566 1450 ae
586 1396 746 1471 potestate
761 1385 855 1450 aliter
870 1385 1020 1470 cogitare,
1048 1409 1146 1472 quam
1165 1385 1271 1471 priore
1286 1396 1371 1450 tem-

207 1514 284 1578 pore
307 1491 486 1577 prophetae
509 1503 542 1558 et
563 1493 674 1578 legum
695 1493 841 1577 priorum
862 1492 1033 1578 scriptores
1049 1494 1235 1580 eogitarint.
1274 1495 1371 1564 Quod

208 1621 250 1665 ex
271 1599 327 1680 iis,
344 1620 436 1683 quae
458 1622 556 1686 supra
577 1623 597 1665 a
618 1601 713 1667 nobis
736 1600 882 1685 exposita
904 1611 992 1679 sunt,
1017 1603 1095 1667 satis
1119 1611 1261 1686 apparet.
1301 1602 1372 1666 Nee

207 1729 408 1792 quemquam
422 1709 519 1772 eredo
534 1730 740 1774 assensurum
756 1729 826 1774 esse
841 1708 1229 1774 verbisWellhauseni
1245 1757 1261 1787 ‚,
1272 1757 1280 1772 .
1293 1758 1301 1773 .
1314 1759 1321 1773 .
1332 1713 1371 1772 Io

208 1816 264 1880 der
300 1817 362 1878 Tot
389 1814 505 1880 boante
532 1837 602 1881 vom
628 1815 770 1882 Sabbatlr
799 1817 853 1880 des
880 1815 1120 1882 Prsbstereodaa
1148 1815 1235 1880 nieht
1261 1823 1372 1901 qesopt

208 1922 343 2003 werden,
369 1943 405 1986 er
426 1921 473 1986 sei
491 1945 545 1988 um
566 1923 621 1987 des
642 1923 813 1988 Meosodeo
834 1923 939 1987 ualles
960 1924 1002 1986 da
1021 1925 1126 1988 Maro.
1144 1927 1175 2004 2,
1194 1927 1247 2005 27,
1273 1946 1308 1988 er
1329 1923 1372 1988 ist

209 2027 359 2094 oielnrehr
380 2027 430 2094 eia
451 2029 509 2095 mit
531 2031 587 2095 der
608 2029 769 2095 Storrheit
790 2029 873 2094 eines
894 2031 1136 2114 Noturqesetzes
1158 2031 1372 2116 attftretendes

213 2141 336 2216 Statut,
362 2137 420 2201 dos
440 2137 507 2202 sich
528 2137 624 2202 selbot
645 2159 715 2202 zum
741 2137 872 2203 Grande
901 2137 957 2201 dat
983 2138 1051 2200 ond
1076 2135 1372 2223 uociferantes

215 2243 362 2330 Schaffen
383 2241 475 2330 qiua
521 2243 598 2309 Non
621 2245 708 2328 quod
730 2255 861 2310 sanetus
879 2243 948 2328 jam
969 2241 1085 2310 fuisset
1107 2245 1177 2309 dies
1198 2245 1369 2330 septimus,

217 2372 251 2416 eo
265 2353 355 2416 Deus
378 2351 540 2435 quievisse
557 2349 687 2432 dieitur,
712 2352 769 2416 sed
785 2351 872 2415 diem
888 2350 1063 2436 septimum
1077 2363 1227 2418 sanetum
1242 2350 1369 2432 fecisse,

216 2459 296 2540 quod
317 2457 488 2542 quieverit.

297 2565 415 2630 Verbis
447 2563 586 2649 propriis
619 2563 702 2630 liber
735 2564 924 2630 elohisticus
963 2565 1003 2630 de
1041 2565 1169 2632 sabbati
1206 2573 1302 2630 eausa
1334 2588 1372 2632 ae

215 2673 337 2738 ratione
358 2671 445 2736 nihil
467 2672 571 2737 docet.
624 2672 859 2741 Quaestionem
886 2671 989 2758 igitur
1009 2673 1209 2758 propositam
1233 2673 1302 2759 jam
1331 2675 1373 2739 ad

212 2779 313 2844 finem
335 2779 561 2864 perduximus.
822 2786 824 2794 '

297 2889 406 2970 Atque
430 2907 512 2970 quae
535 2887 747 2974 eognovimus
768 2888 850 2953 haee
872 2899 963 2952 sunt:

302 2994 329 3077 1)
355 2993 518 3058 Vocabuli
540 2987 629 3084 mvii,
661 2995 813 3060 aradioe
836 3004 922 3075 mit,
946 2995 1055 3076 ducti,
1088 2994 1309 3060 contractione
1333 3016 1373 3058 ex

215 3093 315 3174 miti
335 3099 424 3180 faeti,
448 3101 638 3188 principalis
658 3101 855 3188 significatio
868 3113 920 3165 est
934 3101 1107 3185 „quietis“.
1124 3138 1168 3149 —
1181 3122 1257 3185 pag.
1276 3107 1370 3165 5-8.

303 3206 331 3290 2]
357 3207 458 3273 Vetus
472 3209 719 3274 Testamentum
740 3231 808 3273 non
831 3207 913 3272 dicit
931 3219 1052 3293 aperte,
1077 3219 1154 3272 ante
1175 3207 1291 3271 Mosen
1312 3207 1374 3272 ho·

214 3312 321 3378 mines
344 3313 545 3382 hebdomade
566 3336 642 3380 usos
665 3336 735 3381 esse
758 3326 791 3379 et
812 3316 947 3380 sabbata
968 3314 1081 3398 egisse.
1104 3351 1148 3362 -
1170 3321 1285 3378 9-11.

301 3421 329 3505 3)
357 3423 467 3488 Ceteri
489 3423 604 3508 populi
625 3421 753 3506 antiqui
775 3430 903 3506 praeter
925 3419 1088 3485 Israelitas
1119 3432 1152 3498 et
1172 3419 1373 3506 Babylonios

212 3547 319 3612 neque
341 3529 557 3610 hebdomade,
581 3528 647 3593 nisi
669 3529 705 3592 in
727 3527 913 3612 astrologia,
937 3526 989 3591 usi
1011 3538 1088 3593 sunt
1110 3549 1218 3612 neque
1241 3529 1374 3594 sabbata

211 3643 590 3720 egenrnt.-12-24.

300 3743 330 3822 4)
356 3741 475 3806 Nostra
496 3743 674 3809 hebdomas
697 3753 767 3808 orta
789 3753 838 3807 est
860 3740 1042 3827 conjunctis
1068 3741 1220 3808 hebraica
1246 3743 1376 3828 (sabba-

211 3848 289 3931 tioa)
315 3847 572 3933 etastrologiou.
597 3887 641 3898 -
666 3857 787 3913 18.19.

303 3956 331 4038 5)
357 3952 508 4018 Fortuita
530 3955 653 4020 factum
676 3967 736 4039 est,
760 3968 799 4021 ut
820 3957 908 4021 idem
931 3957 1002 4023 dies
1023 3958 1159 4022 Judaeis
1188 3959 1369 4038 sabbatum,

212 4060 383 4148 astrologis
406 4062 539 4128 Saturni
563 4063 633 4128 dies
656 4075 750 4129 esset.
776 4099 817 4112 -
845 4073 893 4128 19.

302 4171 330 4255 6)
356 4171 584 4236 Hebraeorum
606 4173 739 4236 sabbata
765 4193 832 4236 non
860 4171 994 4238 fuerunt
1023 4171 1185 4257 principio
1215 4169 1284 4234 dies
1314 4170 1374 4234 Sa·

213 4277 315 4342 turni.
340 4315 383 4326 -—
409 4285 544 4344 19-23.
