3276 5130
605 289 820 350 ..87-

125 477 255 522 sacrum
278 466 423 520 veretur.
460 455 555 520 Haec
577 466 625 520 est
647 456 822 522 auctoritas
843 457 1034 543 principalis
1056 457 1116 522 otii
1136 459 1295 524 sabbatici

127 563 263 630 vocibus
286 557 358 648 ffip
381 571 415 626 at
437 554 499 626 §bn
521 572 645 628 notata.
692 564 769 628 Non
790 564 968 647 posteriore
997 565 1129 629 demum
1150 574 1295 649 tempore

127 693 198 737 eam
220 693 294 735 esse
315 669 385 736 otio
407 669 574 735 sabbatino
597 670 753 735 tributam
775 680 920 756 apparet,
947 691 1050 754 quum
1072 671 1220 756 decalogi
1241 671 1295 736 lex
1352 731 1357 742 ,

127 777 295 844 sabbatina
328 777 466 862 incipiat
502 777 610 842 verbis
648 779 876 856 „Memento
913 777 997 842 diei
1035 778 1212 858 sabbati,
1251 790 1295 842 ut

128 907 213 951 eum
236 895 382 950 sancte
404 889 537 970 agas“.
584 887 694 967 Atque
722 895 809 950 reete
831 907 851 949 a
871 885 967 948 nobis
997 884 1196 970 explicatum
1225 906 1295 950 esse

128 1015 261 1058 sensum
293 1002 427 1071 „sancte
449 991 589 1076 agendi“
618 995 735 1077 probat
764 991 938 1077 decalogus
967 993 1014 1057 sic
1040 1013 1195 1077 pergens:
1229 1013 1297 1056 sex

129 1102 273 1166 diebus
296 1100 483 1164 laborato
505 1108 545 1162 et
566 1099 699 1164 omnia
720 1101 887 1184 negotia
908 1110 977 1164 tua
1000 1099 1171 1184 agitato:
1205 1121 1296 1182 scp-

128 1208 224 1273 timo
247 1217 383 1272 autem
406 1205 471 1271 die
493 1208 705 1272 sabbatum
727 1208 748 1271 J
754 1207 920 1288 ehovae,
938 1205 1100 1270 domini
1123 1205 1195 1286 tui,
1222 1217 1291 1286 est,

128 1316 287 1380 nullum
311 1335 411 1398 opus
433 1313 577 1394 facito,
603 1325 647 1379 tu
669 1325 708 1379 et
729 1314 849 1380 filius
870 1301 964 1379 tuns
988 1324 1050 1379 etc.
1095 1313 1196 1378 Vides
1219 1315 1294 1378 sab-

128 1425 243 1488 batum
272 1432 388 1488 sancte
416 1442 512 1505 agere
542 1421 707 1486 Israelitas
731 1421 841 1506 juberi
875 1422 1001 1487 labores
1031 1419 1292 1500 intermittendo,

131 1531 217 1613 qnod
240 1530 311 1594 dies
334 1528 378 1593 sit
399 1528 553 1609 Jehovae,
581 1528 638 1611 qui
660 1551 755 1594 senos
778 1529 848 1594 dies
872 1529 1044 1596 hominum
1066 1527 1209 1613 negotiis
1239 1528 1297 1592 de-

131 1637 271 1718 stinarit,
297 1635 476 1721 septimum
498 1657 660 1719 quemque
682 1636 746 1700 sibi
769 1636 831 1722 ipsi
853 1637 1027 1722 exceperit,
1055 1637 1297 1720 quamobrem

134 1765 170 1809 eo
191 1743 343 1808 homines
370 1744 415 1808 ad
440 1743 574 1829 negotia
603 1765 662 1808 sua
689 1743 740 1808 uti
768 1744 861 1808 nefas
890 1744 950 1809 sit:
983 1745 1155 1808 sabbatum
1185 1752 1296 1806 sancte

135 1873 228 1936 agere
251 1852 370 1916 debere
391 1851 413 1915 J
415 1851 535 1915 ehovae
558 1853 765 1916 sanctitatem
786 1850 984 1915 verecundia
1005 1859 1208 1914 venerantes.

219 1959 380 2044 Magnum
402 1958 464 2023 hoc
486 1954 536 2022 es't
558 1957 733 2024 discrimen
754 1959 841 2023 inter
863 1956 1121 2042 Babyloniorum
1143 1966 1176 2021 et
1191 1957 1297 2018 Israe-

138 2064 266 2130 litarum
292 2068 437 2130 sabbata.
489 2065 545 2130 Illi
574 2087 703 2148 quoque
733 2067 868 2155 sabbata
897 2075 983 2130 certe
1011 2065 1199 2128 habuerrmt
1228 2061 1297 2126 dies

144 2193 261 2253 sacros,
292 2194 392 2256 quum
421 2183 533 2238 autem
556 2173 655 2237 deum
677 2195 867 2258 supremum
888 2193 957 2237 non
978 2180 1130 2248 nossent,
1162 2171 1297 2234 sabbata

146 2290 277 2363 egenmt
303 2301 368 2344 non
398 2281 497 2345 deum
525 2279 729 2361 veneraturi,
763 2281 821 2345 sed
851 2282 892 2345 ob
922 2279 1150 2344 sanctitatem¹
1181 2276 1299 2355 diebus

147 2384 224 2468 ipsis
245 2385 473 2452 inhaerentem.
519 2386 663 2451 Perinde
685 2409 724 2451 ac
754 2397 877 2452 ceteros
907 2387 977 2452 dies
1004 2407 1118 2452 omnes
1147 2384 1296 2448 videmus

147 2494 271 2558 sabbata
296 2493 551 2578 Babyloniorum
585 2494 650 2558 alia
684 2494 759 2559 aliis
789 2493 851 2559 diis
887 2493 993 2577 iisque
1021 2516 1090 2558 non
1118 2491 1295 2577 majoribus

146 2601 303 2682 attributa,
329 2622 370 2665 ex
392 2623 456 2684 quo
477 2613 622 2687 apparet,
649 2623 757 2684 neque
779 2604 952 2666 sabbatum
966 2601 1069 2666 fuisse
1085 2599 1184 2680 diem,
1210 2598 1298 2681 quod

142 2706 192 2770 dei
213 2707 380 2792 cujusdam
402 2709 461 2789 sit,
487 2730 595 2792 neque
617 2708 668 2772 illi
691 2709 751 2773 deo
774 2707 970 2774 attributum
993 2729 1077 2788 esse,
1112 2707 1200 2791 quod
1223 2707 1297 2771 sab-

139 2815 246 2878 batum
267 2815 379 2880 fucrit.

218 2923 388 2988 israelitae
418 2935 505 2989 certe
527 2923 597 3008 jam
625 2923 728 2989 Mosis
758 2934 864 2988 aetate
892 2925 1027 2988 sabbata
1054 2923 1198 2988 Jahovae
1227 2921 1297 2985 dies

136 3050 241 3096 sacros
263 3031 460 3110 habuerunt,
487 3030 549 3096 hoc
570 3041 701 3096 tantum
716 3031 856 3096 dubium
871 3041 930 3110 est,
957 3050 1039 3093 num
1054 3050 1095 3092 ex
1109 3050 1173 3112 quo
1188 3029 1297 3092 Moses

134 3137 268 3202 cultum
288 3138 432 3203 Jehovae
466 3137 558 3202 aurdt
585 3160 625 3203 ¹ac
657 3137 812 3219 correxit,
850 3160 893 3202 an
921 3147 999 3200 ante
1035 3157 1111 3200 eum
1146 3157 1165 3199 a
1193 3134 1297 3218 patri-

133 3247 194 3311 bus
217 3245 443 3312 Israelitarum
465 3247 598 3310 sabbata
612 3245 677 3310 Dei
699 3247 845 3331 ipsorum
866 3242 965 3307 unius
988 3242 1059 3308 dies
1081 3241 1195 3305 habita
1216 3240 1294 3320 sint,

203 3471 227 3532 1)
250 3465 380 3522 Sanctum
398 3475 441 3522 est
458 3466 534 3538 quod
549 3466 623 3522 labis
648 3483 745 3538 expers
767 3483 811 3521 rea
836 3463 1026 3536 quotidianas,
1052 3462 1170 3519 maxime
1192 3463 1221 3517 in
1245 3479 1297 3518 usu

134 3553 278 3610 hominum
294 3560 437 3608 versantes
455 3560 483 3608 et
500 3571 533 3608 co
551 3552 681 3624 pollutas,
700 3553 835 3615 turbatas,
860 3550 1019 3606 imminutas
1037 3556 1148 3620 superat
1165 3547 1295 3620 puritate,

134 3639 288 3714 dignitate,
317 3639 470 3695 virtutibus
496 3639 598 3695 divinis
625 3655 656 3693 ao
681 3637 788 3693 viribus
815 3637 858 3702 (ci.
882 3636 1018 3708 imprimis
1042 3633 1298 3691 commentationem

131 3725 321 3781 Francisoi
339 3723 558 3780 Delitrschii
576 3724 606 3779 in
623 3725 735 3793 Herzog
753 3723 1124 3792 ucat-une.2v714sqq·l·
1153 3719 1295 3775 Israeliten

132 3811 226 3866 Deum
244 3817 332 3865 atres
355 3811 391 3865 ad
413 3828 477 3866 eum
499 3811 616 3882 ejusque
638 3809 743 3865 cultum
765 3808 937 3880 pertinentes
959 3806 1101 3863 vocabulis
1124 3805 1297 3861 sanctitatem

132 3895 358 3968 significantibus
375 3905 484 3964 ornant,
505 3897 609 3952 Jehova
626 3896 662 3951 iia
681 3902 764 3967 caput
780 3902 809 3950 et
825 3895 888 3950 iona
900 3901 944 3949 est
955 3893 1119 3950 sanctitatis.
1150 3890 1298 3962 Babylonii

134 3985 170 4048 (et
188 3982 274 4038 ceteri
291 3983 422 4053 gentiles)
441 3984 507 4040 deos
525 3982 684 4038 existimant
700 3980 850 4052 participes
867 3987 896 4034 et
912 3988 1018 4036 tutores
1037 3977 1206 4042 sanctitatir,
1228 3993 1297 4047 quae

134 4068 216 4140 quasi
234 4075 298 4123 anta
315 4069 429 4124 numina
446 4068 531 4124 fuerit
549 4077 638 4123 otras
656 4067 693 4123 sit
711 4067 745 4122 eir
763 4083 792 4120 se
809 4065 870 4138 ipsa
888 4073 960 4137 apta.
1002 4066 1054 4120 Est
1076 4081 1141 4119 vero
1166 4061 1298 4118 sanctitas

134 4173 188 4222 res,
210 4155 291 4226 cujus
308 4155 386 4210 notio
404 4154 501 4211 multis
518 4153 607 4209 modis
625 4160 717 4225 potest
734 4151 848 4218 variari,
870 4149 978 4223 qualem
996 4167 1055 4205 erse
1066 4145 1213 4220 Babylonii
1233 4165 1297 4202 sen-

138 4239 234 4306 serint,
255 4239 302 4294 hic
319 4240 462 4311 inquirere
478 4239 592 4310 longum
609 4246 659 4295 eat.
1257 4251 1260 4259 ¹
