3276 5130
606 308 821 370 ..65-

121 476 325 558 luminibus,
349 477 408 543 scd
430 488 517 542 certo
539 477 669 542 dierum
689 497 829 542 numero
849 477 987 542 definire
1008 477 1200 543 voluerunt:
1234 500 1295 544 ne-

121 606 186 669 que
208 584 248 648 id
269 585 384 670 potuit
405 585 580 666 offendere,
606 585 649 660 si,
671 595 709 650 ut
730 595 862 650 nosmet
880 585 1051 667 sentimus,
1077 585 1147 650 dies
1168 585 1294 652 hebdo-

121 693 261 758 madum
283 692 454 756 lunarium
475 691 575 777 primi
596 691 651 756 vel
672 691 810 757 extremi
824 713 893 757 non
907 703 1003 758 erant
1014 691 1084 758 dies
1099 693 1176 758 festi
1191 693 1292 759 dicati

120 800 241 864 Lunae
265 799 388 884 culbri,
412 799 466 864 cui
487 809 634 864 mutonis
655 799 898 864 hebdomadum
920 801 998 865 ordo
1021 811 1054 864 et
1069 799 1197 865 dierum
1210 800 1293 866 heb-

122 908 308 972 domadum
331 919 550 973 extremorum
572 907 777 989 festoruma
796 907 896 972 lunae
924 907 1108 972 luminibus
1133 908 1295 974 decenus

120 1014 310 1081 officerent.

209 1133 334 1214 Itaque
370 1130 590 1196 hebdomades
633 1130 814 1196 sabbaticus
854 1152 923 1196 uon
963 1131 1004 1194 ad
1040 1130 1294 1196 similitudinem

120 1236 297 1304 lunarium
328 1236 376 1302 sic
404 1237 637 1320 instituenmt,
674 1248 712 1302 ut
741 1248 916 1322 quaternae
950 1238 1180 1320 hebdomades,
1212 1261 1294 1323 qua-

121 1366 198 1408 rum
221 1345 355 1428 aliquae
377 1355 450 1410 octo
473 1345 600 1410 dierum
622 1357 740 1425 essent,
765 1345 914 1430 singulos
934 1365 1062 1410 menses
1080 1345 1291 1430 complerent,

123 1453 251 1538 quippe
287 1471 389 1536 quum
420 1462 494 1536 post
525 1473 622 1518 senos
655 1452 725 1520 dies
764 1452 884 1518 laboris
924 1454 1108 1533 sabbatum,
1153 1453 1294 1537 ideoque

123 1570 304 1644 septenum
326 1559 455 1624 dierum
475 1559 697 1626 hebdomades
718 1559 958 1625 desiderarent:
989 1561 1058 1642 sed,
1091 1571 1130 1625 ut
1157 1572 1191 1626 et
1219 1584 1293 1626 cum

124 1689 329 1751 unoquoque
363 1687 477 1731 mense
510 1666 689 1732 hebdomas
721 1666 881 1752 inciperet
910 1677 944 1733 et
971 1667 1191 1734 hebdomades
1225 1669 1293 1734 fere

124 1773 228 1840 lunae
250 1774 364 1839 formis
387 1773 680 1858 distinguerentur,
704 1797 809 1839 unum
837 1775 890 1840 vel
919 1775 985 1840 duo
1013 1775 1082 1841 dies
1110 1786 1184 1860 post
1213 1797 1294 1859 qua-

128 1891 242 1946 ternas
277 1881 500 1946 hebdomades
543 1881 636 1963 quasi
672 1881 895 1947 intercalando
935 1882 1178 1948 hebdomadum
1219 1905 1294 1950 cum

87 1999 93 2012 ·
127 1988 230 2054 lunae
250 1989 378 2054 ambitu
400 1989 604 2053 concordiam
626 1989 851 2054 restituerunt.
899 1989 1054 2058 Ceterum
1074 1989 1295 2058 hebdomades

133 2095 193 2159 tali
213 2096 309 2160 modo
331 2105 478 2159 mutatae
507 2117 582 2159 oum
609 2095 708 2161 lunae
735 2095 891 2160 varietate
920 2096 1040 2160 eximie
1068 2118 1105 2161 eo
1135 2118 1295 2181 congrue-

133 2203 229 2278 bant,
252 2203 339 2286 quod
362 2223 464 2285 quum
487 2201 576 2288 ipsae
598 2201 666 2266 fere
689 2215 829 2288 quatuor
850 2203 949 2267 lunae
972 2203 1101 2285 formis,
1130 2214 1202 2268 tum
1225 2203 1294 2268 dies

138 2307 223 2372 inter
244 2319 389 2392 quartam
416 2309 538 2374 mensis
566 2309 683 2394 prioris
713 2320 746 2374 et
773 2310 911 2395 primam
939 2309 1142 2394 insequentis
1171 2309 1294 2374 mensis

141 2415 300 2501 interjecti
322 2415 498 2480 interlunio
525 2416 614 2500 (luna
638 2417 783 2501 obscura)
809 2415 959 2482 distincti
981 2428 1086 2482 erant.

221 2533 271 2598 Ita
292 2533 441 2599 existimo
463 2533 587 2598 factum
620 2554 699 2612 esse,
733 2541 771 2596 ut
797 2533 1002 2618 singulorum
1029 2532 1192 2598 mensium
1223 2533 1293 2600 dies

138 2640 288 2728 septimus
311 2653 375 2706 etc.
401 2639 506 2724 quieti
528 2640 781 2706 destinarentur.
826 2643 903 2706 Hoc
923 2653 1035 2707 autem
1063 2641 1159 2707 modo
1186 2641 1214 2706 si
1243 2664 1295 2708 res

133 2770 297 2834 progressa
325 2759 390 2830 est,
422 2771 490 2814 non
516 2747 624 2833 potuit
652 2747 740 2832 fieri,
774 2749 855 2834 quin
889 2749 1038 2814 omnium
1068 2749 1191 2814 civium
1226 2773 1294 2816 esse

132 2855 297 2922 videretur
311 2855 378 2922 illis
393 2857 509 2922 diebus
524 2855 629 2937 otiari,
653 2866 751 2940 atque
767 2855 865 2922 etiam
881 2857 983 2921 servis
999 2856 1103 2922 otium
1118 2859 1295 2924 concedere

130 2963 178 3028 sas
199 2975 381 3049 putaretur.

217 3081 283 3146 Sed
302 3079 385 3144 haec
405 3100 457 3143 res
479 3078 604 3142 incerta
626 3077 685 3160 sit,
718 3078 802 3143 illud
830 3079 968 3152 dubium
996 3101 1064 3144 non
1093 3091 1159 3162 est,
1184 3083 1295 3166 Baby-

126 3188 245 3269 lonios,
271 3209 388 3252 senum
410 3185 539 3250 dierum
560 3185 726 3250 laboribus
746 3184 913 3263 absolutis,
940 3185 1116 3270 septimum
1132 3207 1294 3270 quemque

128 3297 220 3361 diem
243 3293 347 3378 quieti
371 3295 447 3358 dare
468 3295 594 3358 bonum
616 3314 654 3356 ac
671 3292 799 3377 justum
822 3291 1033 3355 existimasse.
1075 3293 1172 3360 Quod
1195 3292 1295 3356 etiam

126 3403 262 3490 fabulae
275 3401 437 3484 Nimrodi,
456 3399 665 3465 famosissimi
680 3397 770 3463 illius
784 3397 901 3476 herois,
929 3419 980 3461 res
1003 3408 1111 3481 gestas
1124 3399 1295 3465 narrantis

128 3509 321 3576 testimonio
343 3510 510 3594 probatur.
555 3507 715 3572 Nimrodo
738 3505 827 3570 enim
849 3504 885 3568 in
907 3503 1046 3589 elysium
1073 3506 1295 3589 proficiscenti

129 3619 203 3684 XII
224 3616 325 3681 tastu
347 3615 411 3680 iter
433 3626 481 3680 est
502 3614 702 3680 faciendum.
747 3615 858 3695 Atque
880 3633 982 3695 quum
1004 3633 1046 3676 ex
1066 3635 1181 3698 regum
1203 3637 1294 3702 assy-

130 3725 255 3792 riorum
266 3721 452 3788 'annalibus
473 3721 672 3802 noverimus,
698 3721 763 3785 duo
784 3719 884 3784 tntu
904 3719 1004 3784 unius
1020 3720 1087 3785 diei
1101 3721 1165 3786 iter
1179 3721 1291 3808 firisse,

130 3833 293 3914 videmus,
318 3851 376 3895 sex
398 3830 468 3894 dies
490 3827 585 3893 illum
607 3829 673 3894 dici
695 3828 729 3893 in
752 3827 923 3914 migrando
944 3829 1194 3913 consumpsisse,
1219 3852 1295 3918 sep-

131 3941 213 4006 timo
235 3939 359 4026 cepisse
381 3937 474 4024 elysii
497 3936 672 4020 quietem¹.
1230 3937 1233 3942 '

203 4183 227 4246 l)
245 4178 351 4235 Mirum
368 4193 487 4249 quoque,
508 4175 584 4248 quod
600 4174 748 4246 Babylonii
764 4181 885 4242 narrem,
906 4173 1042 4230 dilnvium
1066 4191 1114 4228 rex
1136 4173 1243 4231 dierum
1266 4185 1294 4232 et

131 4273 236 4338 septem
253 4264 376 4320 noctium
392 4263 489 4330 lubre,
509 4261 626 4334 septimo
644 4259 689 4316 die
701 4259 817 4316 rediisse
829 4259 1004 4316 serenitatem
1014 4267 1042 4314 et
1052 4259 1294 4330 tranquillitatem.

184 4368 266 4420 bots,
281 4366 379 4410 historie
392 4365 487 4409 nitati.
1072 4364 1087 4414 5
