3310 5126
612 389 825 450 ..27-

144 580 181 622 ex
200 557 272 638 diis,
306 559 366 642 qui
396 558 539 643 planetis
561 580 709 644 praeesse
739 558 918 626 existimati
941 559 1024 640 sint,
1057 559 1209 644 supersit.
1256 561 1301 624 At

143 689 202 751 qua
219 689 253 730 re
276 666 436 748 efficitur,
461 665 630 730 Ninebum
652 665 688 730 in
711 688 749 732 eo
771 689 908 732 numero
930 667 1054 731 fuisse‘l

218 776 277 838 Est
304 774 423 839 tabula
452 775 593 859 assyria,
620 773 656 837 in
688 797 752 858 que
781 774 937 840 undecim
959 775 1094 840 deorum
1115 773 1300 860 ideogram-

140 882 228 946 matis
250 883 411 968 adscripti
433 891 512 947 sunt
533 882 570 945 hi
591 883 737 946 numeri:

394 991 459 1054 LX
495 997 535 1051 aa
556 989 666 1054 Aesim.

427 1099 456 1162 L
493 1105 532 1160 ila
553 1098 626 1162 Bdl.

394 1207 457 1270 XL
493 1213 534 1267 eu
555 1189 619 1270 Ea.

350 1315 457 1379 XXX
493 1321 533 1376 riu
554 1313 624 1378 Sin.

387 1423 458 1487 xx
493 1431 533 1484 et
554 1395 680 1486 damas.

408 1531 457 1595 VI
493 1535 533 1590 ile
554 1531 696 1594 Ramdn.

380 1639 472 1720 [ΧΙ]1
494 1644 533 1697 ila
554 1637 706 1701 Marduk.

361 1745 472 1828 [ΧΨ
492 1752 531 1806 itu
552 1746 654 1810 Ister.

428 1852 457 1916 L
494 1859 533 1914 itu
555 1852 671 1919 Meet.

371 1960 472 2026 XIV³
494 1967 540 2022 ile
556 1961 688 2045 Ndrqal.

422 2070 456 2132 X
494 2077 533 2130 tle
557 2068 648 2134 Gidt'l
667 2075 707 2130 itu
728 2068 853 2133 Nusltu.

143 2177 235 2242 Quae
270 2175 380 2240 tabula
413 2198 477 2260 quo
510 2176 647 2241 consilio
681 2177 725 2241 sit
759 2175 898 2260 scripta,
937 2197 1005 2239 non
1042 2186 1130 2240 certo
1166 2175 1299 2257 seimus,

145 2303 246 2362 quum
272 2284 367 2348 tertia
386 2293 478 2368 parte
500 2283 632 2348 sinistre
655 2283 805 2348 defracta
833 2305 940 2367 neque
972 2283 1202 2348 antecedentes
1230 2305 1302 2347 eam

144 2396 288 2470 partem,
320 2413 384 2474 qua
412 2391 458 2456 dii
487 2401 737 2472 enumerantur,
772 2389 1016 2456 enuntiationes
1052 2412 1159 2474 neque
1188 2412 1303 2455 conse-

149 2505 284 2577 quentes
305 2518 410 2582 neque
431 2499 571 2584 singulis
594 2498 657 2564 diis
679 2498 860 2584 adscriptae
882 2498 979 2583 plane
994 2497 1138 2584 intelligi
1153 2497 1298 2583 possint:

149 2600 318 2670 verisimile
340 2615 448 2671 tamen
470 2617 531 2688 est,
556 2609 598 2672 ad
620 2629 690 2672 rem
712 2606 929 2672 calendariam
945 2628 1017 2672 eam
1030 2605 1204 2691 pertinere.
1243 2606 1303 2670 Dii

21 2713 26 2722 '
146 2710 181 2774 in
204 2733 239 2776 ea
266 2725 501 2780 enumerantur
530 2715 645 2780 eodem
670 2714 786 2779 ordine
816 2724 913 2798 atque
941 2713 977 2778 in
1005 2713 1102 2779 initio
1132 2712 1302 2778 annalium

145 2819 394 2886 Selmenassaris
416 2824 452 2886 ΙΙ
473 2821 607 2906 (obet),
631 2821 697 2886 nisi
720 2823 808 2906 quod
830 2823 929 2887 etiam
944 2818 1069 2887 Atiam
1092 2822 1139 2886 ibi
1161 2821 1303 2886 occurrit

141 2927 281 3012 primum
302 2929 413 2993 locum
427 2940 554 3011 tenens,
585 2929 674 2994 citit
693 2940 804 2994 eutem
822 2929 890 3016 (qui
911 2940 1023 2994 nostra
1038 2929 1074 2993 in
1096 2929 1209 2995 tabula
1223 2927 1302 2993 deus

139 3036 295 3101 aNusku
316 3059 386 3102 non
409 3036 556 3102 diversus
578 3036 710 3102 videtur
732 3058 801 3102 esse
824 3047 857 3102 et
878 3037 959 3102 alias
982 3059 1109 3121 quoque
1136 3037 1225 3102 idem
1253 3046 1303 3101 est

209 3295 233 3359 1)
253 3293 406 3348 Numerum
417 3293 470 3349 hoc
481 3293 543 3349 loco
557 3293 678 3350 deletum
690 3311 724 3349 ex
736 3293 916 3366 inscriptione
929 3292 1017 3364 lapidi
1030 3292 1110 3363 nigro
1123 3291 1303 3348 Asarhaddo-

136 3379 181 3434 nis
193 3377 335 3450 insculpta
345 3379 485 3435 novimus:
500 3381 564 3435 vide
575 3380 591 3434 I
603 3379 631 3434 R
642 3383 676 3435 49
688 3379 741 3436 col.
757 3379 787 3434 11
801 3382 832 3432 12
846 3396 886 3449 sq.
915 3379 992 3433 Deus
1004 3377 1127 3434 Marduk
1140 3395 1221 3450 saepe
1234 3378 1302 3434 seri-

134 3490 214 3545 utur
232 3489 312 3560 signo
333 3464 352 3577 1
370 3515 402 3538 =
420 3466 467 3579 (Υ
488 3491 622 3548 h.e.X1.

208 3593 235 3658 2)
253 3591 334 3648 Prior
350 3594 458 3650 numeri
475 3612 538 3666 pars
556 3595 693 3652 exstincta
711 3601 762 3661 est,
782 3593 831 3650 sed
848 3591 1006 3665 saepissime
1024 3586 1103 3649 Ia'tar
1120 3611 1233 3650 numero
1250 3593 1303 3648 XV

134 3678 320 3750 significatur.

210 3792 235 3855 3)
253 3765 300 3878 (d
370 3791 446 3858 XIV,
468 3809 524 3847 non
542 3815 575 3840 ιε
593 3792 652 3847 XII
670 3792 814 3860 (Lenem,
830 3791 964 3858 Schrad.),
986 3790 1034 3862 qui
1051 3808 1181 3848 numerus
1198 3808 1304 3866 semper

134 3878 195 3990 (Π
216 3901 354 3958 scribitur.
384 3902 500 3974 Signum
515 3878 562 3992 (l
582 3904 762 3972 (=1o÷22)
778 3902 851 3958 idem
868 3920 928 3959 esse
946 3902 1021 3974 quod
1039 3878 1109 3992 (Ψ
1132 3907 1300 3972 (=1o÷4)

136 4031 203 4087 rnre
221 4031 346 4099 uisitur,
372 4033 447 4103 quoe
465 4032 570 4105 symea
593 4035 659 4099 tas,
685 4031 846 4106 plerumque
865 4032 944 4103 signo
969 4006 1035 4122 (Ψ
1072 4039 1181 4100 noue,
1223 4033 1252 4088 11
1275 4034 1303 4089 e

138 4161 181 4226 32,
203 4159 261 4214 lob
279 4159 359 4232 signo
376 4135 420 4248 (l
437 4161 575 4218 scribitur.
609 4160 652 4216 Ol.
668 4134 684 4245 ξ
701 4157 759 4214 sive
771 4143 815 4232 *ἡ
832 4185 864 4208 =
883 4163 911 4215 3³
929 4185 961 4208 =
980 4166 1004 4215 9.

207 4265 232 4328 4)
254 4260 430 4319 Schrader
449 4263 476 4330 (l.
492 4263 512 4319 l
531 4268 590 4331 ³37)
610 4264 640 4320 in
657 4272 751 4320 nostra
775 4281 884 4338 quoque
908 4263 1002 4320 tabule
1024 4263 1105 4319 deum
1122 4265 1212 4322 Assur
1234 4264 1303 4322 scri-

137 4355 216 4419 ptum
234 4363 294 4404 esse
312 4347 408 4405 dicens
427 4359 508 4405 errat
