3276 5130
738 368 974 431 -106-

365 535 396 624 7)
419 537 610 602 Hebdomas
632 537 826 623 astrologica
847 561 867 602 1
882 537 1072 630 Babyloniis
1087 538 1221 603 inventa
1236 549 1295 617 est,
1323 556 1448 622 quam-

274 665 373 730 quam
398 643 434 708 in
457 643 560 708 literis
583 644 731 710 cuneatis
753 645 861 710 adhuc
882 645 970 711 uotis
992 646 1020 712 is
1042 645 1121 711 ordo
1138 645 1354 730 planetarum,
1384 646 1447 728 qui

275 751 311 816 in
333 751 539 817 hebdomade
561 751 753 838 astrologica
775 751 863 818 inest
888 752 934 839 ((
956 756 996 838 d*
1021 752 1047 839 S
1080 751 1116 839 ᾖ
1147 751 1177 838 Ω
1207 753 1330 839 ᾩΘ),
1356 773 1447 816 non

273 858 449 945 reperitur.
473 891 517 908 -
540 865 679 923 24-35.

363 977 391 1059 8)
424 975 615 1040 Hebdomas
644 975 834 1061 astrologica
864 977 952 1061 apud
982 974 1179 1061 Babylonios
1211 996 1279 1039 non
1307 975 1375 1040 fuit
1409 975 1446 1038 in

274 1082 420 1168 publico,
444 1083 503 1147 sed
524 1082 561 1146 in
582 1082 816 1169 astrologorum
838 1093 968 1148 tantum
989 1105 1062 1149 usu.
1088 1119 1131 1130 -
1154 1089 1206 1147 35.
1226 1089 1277 1146 36.

362 1200 392 1284 9)
418 1198 495 1264 Alia
516 1197 691 1283 Babylonii
711 1197 932 1280 hebdomade,
964 1219 1006 1264 ex
1032 1219 1145 1263 mense
1173 1196 1283 1262 lunari
1306 1197 1443 1280 quadri-

274 1306 395 1392 partito
419 1315 501 1387 orta,
526 1305 625 1391 vulgo
648 1309 835 1371 utebantur.
860 1341 903 1355 -
927 1313 1064 1370 37-60.

366 1424 414 1507 10)
460 1421 602 1487 Sabbata
638 1421 680 1486 iis
717 1421 850 1487 fuerunt
886 1423 1061 1508 septimus,
1108 1431 1241 1504 quartus
1280 1420 1429 1498 decimus,

274 1529 583 1610 unusetvicesimus‚
610 1527 901 1595 duodetricesimus
923 1527 1182 1614 uniuscujusque
1204 1525 1331 1592 mensis
1353 1525 1425 1590 dies.

274 1673 319 1684 -
342 1643 479 1701 37-59.

367 1754 415 1836 11)
443 1750 585 1816 Sabbata
606 1772 673 1815 non
696 1761 788 1816 erant
810 1751 880 1816 dies
903 1751 965 1815 atri
994 1751 1051 1816 sed
1079 1749 1137 1816 otii
1166 1769 1277 1815 severe
1307 1749 1435 1833 quidem

275 1859 438 1944 imperati,
464 1879 578 1923 verum
600 1859 736 1924 minime
759 1858 872 1924 tristis.
897 1897 940 1907 —
964 1865 1100 1924 56—58.

366 1976 414 2060 12)
446 1975 523 2039 Non
549 1975 592 2039 ad
620 1976 734 2041 Lunae
756 1975 887 2042 ¹cultum
917 1977 1052 2040 sabbata
1079 1972 1241 2059 principio
1271 1973 1441 2059 pertinue-

275 2093 365 2149 runt.
391 2120 434 2130 -
459 2089 510 2146 61.
531 2088 582 2145 62.
987 2152 990 2158 ¹

367 2202 414 2283 13)
448 2199 534 2264 Sunt
561 2198 695 2264 sortasse
726 2219 767 2263 ex
794 2220 831 2264 eo
861 2209 948 2280 orta,
985 2197 1072 2284 quod
1107 2219 1263 2263 uumerus
1293 2199 1443 2264 senarius

276 2305 467 2393 Babyloniis
490 2327 645 2369 numerus
668 2303 858 2390 principalis
875 2301 1085 2390 (Gruadzobl)
1108 2326 1336 2370 mensurarum
1359 2319 1441 2384 erat,

276 2435 376 2498 quare
400 2435 518 2480 senum
540 2411 667 2476 dierum
689 2409 809 2477 laboris
832 2411 924 2495 quasi
950 2411 1067 2497 plenus
1095 2411 1268 2476 videbatur
1295 2434 1369 2477 esse
1396 2413 1446 2476 la-

274 2521 362 2586 boris
397 2521 532 2600 modus,
577 2539 674 2602 quem
707 2519 862 2604 subsequi
901 2519 988 2584 diem
1028 2516 1146 2602 quietis
1183 2531 1445 2586 consentaneum
1549 2519 1550 2548 ¹

275 2638 372 2693 esset.
396 2665 441 2675 -
464 2633 602 2691 62-65.

370 2744 416 2827 14)
443 2740 611 2806 1111111111
634 2743 768 2807 sabbata
789 2743 1014 2828 aBabyloniis
1037 2757 1243 2830 acceperunt,
1269 2746 1384 2810 Moses
1407 2767 1444 2808 11
1548 2769 1549 2778 ’

275 2847 429 2932 religioni
465 2847 608 2912 Jehovae
650 2849 891 2914 accommodata
927 2872 1011 2916 nova
1051 2850 1123 2938 lege
1160 2852 1369 2918 confirmavit
1407 2872 1444 2914 11

275 2955 397 3022 sanxit.
414 2992 456 3003 -
474 2960 612 3018 66—68.

367 3071 414 3155 15)
441 3069 526 3136 Inde
540 3090 559 3132 1
573 3067 675 3134 Mosis
691 3080 835 3156 tempore
850 3071 1006 3136 Israelitis
1028 3072 1187 3158 septimus
1207 3072 1349 3160 quisque
1374 3072 1437 3136 dies
1547 3089 1548 3117 ¹

274 3180 449 3244 sabbatum
470 3176 546 3242 fuit.
570 3213 615 3223 -
639 3184 775 3242 71-74.

367 3296 415 3378 16)
448 3296 499 3360 Ex
526 3292 725 3378 propheticis
754 3303 787 3358 et
813 3290 976 3360 historicis
1004 3295 1096 3360 libris
1124 3273 1273 3380 apparet,
1306 3298 1444 3362 sabbata

275 3401 354 3466 inde
376 3403 417 3466 ab
432 3400 547 3466 Amasi
568 3409 674 3465 aetate
695 3399 809 3464 habita
831 3419 901 3464 essa
924 3401 1004 3482 dies,
1030 3401 1150 3486 quibus
1169 3402 1303 3488 negotia
1318 3403 1445 3487 majora

277 3507 518 3594 qualiacunque
540 3528 636 3592 agere
658 3506 751 3572 nefas
773 3516 869 3586 esset,
902 3517 935 3570 11
956 3508 1070 3574 Amosi
1097 3518 1201 3574 111111
1230 3531 1300 3574 non
1328 3510 1446 3594 negle-

276 3613 409 3699 gentius
433 3615 492 3677 sed
513 3613 707 3698 diligentius
734 3634 832 3696 quam
853 3612 1033 3678 Nehemiae
1061 3625 1205 3700 tempore
1232 3616 1446 3702 negotiorum

275 3719 519 3786 intermissione
541 3718 704 3786 celebrata
725 3742 806 3786 1111.
831 3757 875 3768 -
899 3727 1037 3786 75-81.

368 3844 414 3928 17)
454 3843 576 3907 Omnes
614 3844 785 3929 scriptores
818 3845 1061 3928 pentateuchioi
1094 3846 1232 3932 majores
1265 3848 1446 3934 cujuslibet
1544 3807 1545 3878 }

275 3950 406 4037 generis
428 3949 556 4016 labores
578 3951 711 4015 sabbato
734 3949 909 4016 intermitti
932 3951 1057 4017 volunt.
1084 3989 1122 4002 -
1147 3959 1200 4018 81,
1219 3961 1272 4020 82,

368 4078 415 4159 18)
442 4073 536 4140 Libri
559 4072 820 4158 1111111111)Ρο)
853 4074 943 4159 leges
971 4075 1138 4158 aliquanto
1168 4078 1313 4144 severius
1344 4101 1445 4162 quam

275 4193 400 4249 ceteras
429 4181 534 4246 otium
564 4180 768 4246 sabbatinum
798 4181 973 4264 imperare,
1008 4182 1104 4247 certis
1133 4184 1339 4268 argumentis
1374 4209 1443 4252 non

273 4300 382 4374 potest
402 4287 545 4374 probari.
570 4325 613 4335 -
636 4294 689 4353 83.
709 4294 761 4352 84.
