3276 5130
807 286 1021 350 ..gg-

337 457 423 540 quod
445 455 576 522 credere
598 453 722 524 melim·
761 454 931 522 Historiae
952 453 1110 523 memorie
1132 455 1327 520 documenta
1348 453 1391 516 ed
1412 451 1506 520 hene

335 585 404 630 rem
425 561 625 648 pertinentia
645 583 714 628 nou
735 562 882 632 tradidit.

419 671 481 736 Pro
503 681 602 751 certo,
626 679 665 737 ut
687 668 839 750 vidimus,
864 669 1054 738 hehendum
1077 679 1138 746 est,
1164 667 1242 738 inde
1258 689 1281 732 o
1295 667 1397 733 Mosis
1413 677 1503 734 tern-

333 799 410 862 pore
433 798 560 862 semper
581 777 703 842 idcirco
725 775 890 842 Israelitss
912 778 1047 844 subbato
1069 776 1201 844 feriatos
1231 797 1316 854 esse,
1351 796 1395 840 ne
1426 774 1502 840 dies
1626 855 1627 870 χ

332 885 476 952 Jehovne
498 905 587 952 secer
608 883 716 950 labore
738 884 910 952 hominum
931 884 1167 969 profanaretur.
1214 883 1279 950 Sed
1301 903 1340 950 es
1361 904 1396 948 re
1420 903 1503 967 cog-

332 992 404 1058 nito
425 991 532 1061 solute
553 1014 621 1056 non
643 1001 693 1056 est
709 991 867 1074 quaestio,
893 1013 991 1074 quem
1005 1001 1191 1058 nectamus.
1230 991 1317 1056 Nem
1331 989 1500 1072 reliquum

333 1110 397 1178 est,
431 1110 470 1164 ut
498 1099 684 1180 videamus,
719 1120 818 1182 quom
848 1100 889 1164 ob
917 1119 986 1164 rem
1015 1097 1192 1184 septimum
1221 1118 1384 1182 quemque
1408 1096 1499 1162 diem

331 1205 456 1272 Jehove
479 1204 543 1272 sibi
564 1229 691 1273 sucrum
714 1228 784 1276 esse
806 1205 896 1272 velit.
943 1207 1116 1274 Praeterea
1137 1204 1233 1272 facile
1255 1204 1496 1290 cognoscimus,

332 1313 498 1379 Israelites
518 1335 586 1379 non
601 1314 751 1394 sensisse,
779 1315 884 1384 sDeo
907 1311 995 1378 diem
1009 1313 1115 1398 primo
1130 1313 1255 1382 fectum
1269 1332 1339 1376 esse
1353 1333 1494 1392 ssorum,

334 1420 453 1486 deinde
477 1422 618 1490 eundem
640 1421 840 1488 declaratum
862 1441 933 1486 esse
946 1421 1131 1501 sabbatum,
1156 1420 1215 1486 sed
1229 1441 1358 1484 sacrum
1372 1418 1494 1486 foetum

334 1549 414 1608 esse,
439 1539 483 1592 ut
504 1539 610 1594 esset
631 1529 701 1596 dies
723 1529 794 1594 otii.
841 1527 957 1592 Otium
985 1527 1222 1612 praescriptum
1250 1548 1318 1592 non
1348 1525 1490 1609 sequitur

332 1634 540 1700 sanctitatem
554 1635 681 1702 sabbati
704 1634 856 1702 similiter
876 1646 974 1718 etque
996 1634 1173 1719 cujuslibet
1194 1633 1260 1701 diei
1282 1633 1359 1704 festi
1374 1633 1486 1700 suncti·

331 1753 432 1808 tutem
448 1754 648 1826 sequeretur,
662 1745 720 1809 sed
734 1743 862 1810 subbati
877 1742 1032 1808 sanctitas
1048 1742 1138 1808 ineo
1153 1741 1314 1823 consistit,
1333 1743 1423 1824 quod
1435 1741 1490 1806 otii

331 1849 491 1935 religione
512 1850 670 1936 postulati
692 1850 763 1916 dies
785 1860 853 1929 est,
885 1861 924 1914 ut
951 1871 1019 1916 non
1048 1849 1146 1916 modo
1173 1849 1284 1914 labore
1312 1848 1491 1930 minuetur,

333 1958 390 2024 sed
411 1957 504 2022 nulls
526 1969 621 2040 esset,
646 1957 712 2022 nisi
734 1957 839 2024 otium
853 1956 1042 2024 hominihus
1065 1979 1085 2020 o
1099 1958 1170 2022 Deo
1185 1955 1384 2040 imperatum
1399 1968 1494 2022 esset.

333 2066 407 2130 Hoc
430 2066 531 2132 exeo
554 2065 796 2150 cognoscimus,
825 2065 912 2148 quod
933 2085 1097 2148 nusquam
1124 2063 1264 2148 legitur:
1296 2062 1365 2130 dies
1394 2064 1499 2148 septi-

332 2194 405 2238 mus
428 2183 477 2238 est
499 2173 569 2238 dies
590 2172 744 2253 Jehovee,
772 2172 825 2238 vel
846 2173 916 2238 dies
938 2172 1082 2238 Jehovee
1105 2192 1194 2241 socer
1216 2193 1275 2240 seu
1296 2171 1410 2246 festus,
1444 2172 1498 2238 id·

334 2280 419 2345 circo
442 2301 480 2344 eo
503 2279 557 2346 die
578 2279 670 2346 labor
691 2279 958 2348 intermittendus
988 2291 1052 2357 est,
1085 2280 1144 2344 sed
1170 2279 1217 2346 sio
1244 2279 1383 2366 legitur:
1419 2280 1496 2358 „die

330 2387 468 2471 septimo
483 2385 587 2452 nolito
602 2386 759 2469 laborare,
774 2385 829 2454 die
844 2386 984 2471 septimo
998 2389 1210 2452 sabbatum
1226 2387 1268 2472 (h.
1280 2409 1308 2454 e.
1324 2385 1493 2470 „quies“)

329 2493 474 2560 Jehovee
497 2504 559 2574 est,
593 2493 698 2558 diem
719 2494 880 2560 sebbeti
915 2494 1036 2578 (diem
1058 2493 1228 2578 quietis)
1254 2506 1365 2562 sencte
1394 2501 1492 2580 eges“

330 2612 391 2666 etc.
432 2601 556 2683 Itaque,
582 2600 648 2668 nisi
662 2602 768 2666 otium
783 2601 988 2668 sabbaticum
1007 2613 1103 2682 esset,
1122 2603 1295 2668 sobbetum
1309 2625 1378 2668 non
1393 2614 1490 2684 esset,

330 2707 399 2772 dies
422 2707 580 2791 septimus
601 2730 670 2772 non
692 2718 777 2774 esset
797 2708 912 2774 festus.

416 2816 490 2878 Jem
512 2825 677 2878 tentemus
699 2814 907 2900 investigere,
933 2838 1031 2899 quam
1054 2819 1095 2882 ob
1117 2838 1186 2882 rem
1206 2855 1250 2864 -
1271 2817 1494 2882 Israeliterum

329 2919 557 2988 sententio-
580 2923 671 2990 Deus
694 2922 870 3007 septimum
893 2945 1054 3007 quemque
1077 2922 1165 2991 diem
1192 2925 1235 2988 ed
1257 2924 1362 2990 otium
1393 2925 1495 2990 desti-

332 3051 415 3094 nens
437 3050 566 3096 sacrum
587 3029 713 3097 feeerit.
758 3032 868 3113 Atque
890 3051 993 3114 quum
1020 3031 1253 3116 prophetarum
1279 3031 1357 3098 h'bri
1386 3053 1424 3097 ee
1453 3035 1495 3098 de

330 3159 365 3202 re
387 3136 474 3202 nihil
496 3138 645 3219 docent,
670 3136 751 3220 quid
771 3137 890 3222 leges
920 3138 1168 3206 sebbeticne
1197 3139 1239 3206 ed
1267 3139 1494 3222 quaestionem

328 3256 472 3326 nostram
495 3239 685 3311 solvendam
706 3244 838 3326 faciant,
863 3245 1055 3312 videndum.

415 3351 631 3416 Wellheusen
662 3374 737 3437 peg.
767 3360 825 3415 117
860 3352 936 3417 libri
966 3353 1209 3417 commemorati
1243 3353 1340 3418 dicit:
1377 3355 1491 3434 „Beim

329 3457 511 3524 Jetovoou
532 3460 599 3524 eod
620 3459 913 3526 Deuteronomieten
933 3459 975 3526 ist
996 3460 1054 3524 der
1075 3460 1218 3526 tabbath
1243 3512 1250 3525 .
1273 3510 1308 3527 ..
1340 3462 1397 3527 der
1424 3465 1491 3528 Er-

329 3564 516 3648 holunqstoq
534 3567 602 3651 fttr
629 3566 680 3630 die
706 3567 806 3631 Lente
834 3568 901 3630 ond
924 3567 982 3632 dae
1018 3566 1097 3632 Veh
1270 3568 1335 3634 Die
1362 3571 1492 3634 Horren

330 3671 430 3736 ichen
453 3671 562 3736 immer
583 3673 741 3758 Feicrth,
774 3695 826 3738 am
855 3674 972 3740 sichten
1005 3678 1090 3760 che
1115 3675 1214 3740 sollers
1239 3675 1284 3742 sie
1311 3678 1387 3741 aber
1412 3677 1491 3743 acet

328 3779 385 3844 doe
418 3777 553 3848 Gestirde
579 3779 647 3844 und
673 3779 724 3850 die
750 3779 956 3848 Arbeitstiere
983 3781 1082 3848 ruico
1110 3781 1213 3848 lescen
1240 3785 1346 3850 Eeod.
1363 3788 1418 3866 20,
1436 3788 1488 3849 10.

327 3890 453 3969 23‚12.
483 3890 535 3966 34,
557 3889 609 3950 21.
640 3889 738 3952 Dect.
756 3891 788 3964 5,
806 3891 860 3952 13.
878 3892 920 3952 14
1124 3912 1188 3956 was
1213 3913 1271 3956 eur
1292 3891 1411 3977 Pfletr
1436 3915 1493 3976 qe-

329 3994 434 4059 moeht
461 3993 543 4081 res'rd
561 4029 605 4041 -
627 3994 687 4057 den
716 3993 943 4094 s‘sroelitricien
971 4000 1101 4062 Horren
1128 3998 1278 4081 nemls'ch,
1308 4021 1351 4064 an
1378 3999 1491 4063 welche

334 4102 384 4165 die
403 4103 636 4186 Gesetzqciunq
657 4099 723 4164 siclt
745 4099 860 4166 richtet
880 4139 924 4150 —
945 4103 987 4168 ist
1007 4103 1104 4186 nicht,
1130 4105 1204 4170 deso
1226 4105 1270 4170 sie
1284 4105 1393 4188 ruico,
1419 4128 1493 4170 son-

333 4211 411 4273 dern
446 4210 518 4276 dass
550 4208 595 4272 sie
628 4205 727 4271 roien
760 4209 896 4302 (assent
953 4212 998 4276 Ut
1034 4225 1261 4298 cognoscetur,
1299 4235 1380 4278 num
1412 4212 1493 4279 haec
