3310 5126
623 301 838 364 ..35-

134 474 264 554 Itaque
289 493 392 555 quum
413 470 440 534 ii
461 491 574 536 omnes
596 470 633 534 in
649 471 738 536 hunc
752 493 928 536 numerum
941 465 1177 559 reciperentur,
1200 475 1316 558 plane-

134 590 253 642 tarum
287 579 367 643 ordo
396 577 563 644 concurrit
592 601 667 642 cum
701 586 810 643 vetere
839 579 953 644 ordine
983 581 1118 645 deorum
1147 580 1207 646 Sin
1228 581 1310 666 ’((ζ),

133 660 262 751 *iamai
284 685 363 771 (Θ),
388 688 519 750 Rdmctn
542 685 610 768 (qui
632 686 769 770 perinde
785 689 955 751 constabat
969 697 1068 770 atque
1083 689 1162 752 ordo
1178 689 1313 754 deorum

135 795 232 874 Aac,
257 793 333 873 Bel,
358 777 454 876 lic1).
493 794 603 876 Atque
624 815 668 858 ne
689 792 746 857 ille
768 794 847 857 ordo
868 793 967 878 longo
989 817 1053 858 usu
1074 795 1172 858 tritus
1187 795 1313 860 delere-

133 911 205 980 tur,
234 875 356 966 §amai
377 911 411 965 et
424 903 555 965 Roman
575 911 651 984 post
663 899 722 964 Sin
738 901 886 983 (Lunam)
909 900 946 964 in
967 901 1173 985 planetarum
1195 903 1311 967 seriem
1445 903 1448 909 ’

133 1007 278 1072 inducti
309 1018 388 1072 sunt
419 1007 457 1070 in
489 1028 528 1070 ea
559 1006 647 1088 loca,
684 1027 766 1090 quae
799 1017 896 1072 antea
928 1008 1063 1092 Nergali
1095 1019 1128 1074 et
1163 1009 1310 1074 Nebonis

139 1114 280 1196 (Martis
302 1125 336 1179 et
355 1115 523 1198 Mercurii)
549 1114 689 1194 fuerant,
716 1113 753 1177 hi
774 1123 885 1178 autem
907 1114 944 1178 in
964 1115 1065 1180 finem
1087 1116 1182 1180 seriei
1204 1127 1310 1180 trans-

131 1221 199 1286 lati
223 1234 324 1286 sunt:

270 1353 574 1454 manasse(
623 1321 1071 1480 ffl——l

314 1453 318 1680 1
479 1453 1092 1696 lqssssrc

268 1678 574 1781 essessa(
622 1687 835 1782 (qnam-a
886 1642 916 1779 ᾧ
968 1645 1003 1782 b
1052 1695 1172 1781 Μ

542 1815 666 1902 (Θ
797 1815 1171 1902 astas

146 2005 186 2070 Si
207 2005 269 2070 hoc
288 2006 387 2070 modo
408 2003 614 2089 planetarum
642 2005 720 2069 ordo
749 2005 981 2090 babylonicus:
1012 2004 1043 2090 q
1070 2005 1175 2091 Θῆ
1206 2005 1236 2089 Q
1267 2005 1302 2091 ’ρ

145 2115 191 2196 d
214 2111 239 2197 ξ
269 2123 359 2177 ortus
382 2123 442 2194 est,
467 2111 624 2196 sequitur,
650 2121 689 2175 ut
709 2111 887 2176 hebdomas
916 2111 1109 2196 astrologica
1127 2111 1196 2195 jam
1218 2113 1307 2176 anti-

150 2219 260 2301 quitus
282 2218 503 2304 aBabyloniis
525 2218 696 2302 (Accediis)
723 2219 857 2283 inventa
879 2219 932 2284 sit.
971 2220 1094 2283 Verum
1115 2217 1150 2281 in
1171 2218 1304 2303 publico

152 2348 215 2388 usu
236 2347 307 2390 eam
325 2327 425 2391 fuisse
447 2348 515 2390 non
528 2327 697 2410 probabile
720 2335 777 2400 est,
804 2348 881 2390 nam
903 2327 1074 2406 siluisset,
1100 2327 1305 2410 planetarum

155 2433 232 2496 ordo
253 2433 306 2496 vix
323 2433 484 2518 potuisset
503 2432 562 2496 illo
583 2434 680 2498 modo
702 2433 837 2497 turbari.
883 2433 1073 2517 Astrologos
1095 2443 1205 2498 autem
1227 2433 1305 2516 (sive

155 2541 357 2623 sacerdotes‘l]
386 2561 513 2625 semper
535 2563 573 2604 ea
593 2561 671 2604 usos
694 2562 765 2605 esse
785 2541 984 2625 putaverim,
1018 2541 1065 2604 ita
1085 2549 1123 2604 ut
1143 2541 1304 2625 posterius

149 2669 218 2710 eam
239 2647 367 2711 abillis
390 2647 537 2732 accipere
558 2647 725 2731 potuerint
745 2649 897 2712 Aramaei
919 2658 952 2713 et
973 2649 1013 2712 ab
1040 2648 1093 2712 his
1116 2647 1236 2714 Graeci
1265 2669 1303 2712 ac

145 2754 298 2818 Romani.
351 2755 504 2819 Ceterum
531 2754 764 2839 suspicandum
793 2766 858 2836 est,
891 2754 1071 2839 astrologos
1100 2755 1199 2820 simul
1229 2777 1305 2820 cum

142 2861 258 2926 ordine
281 2861 414 2945 antiquo
438 2861 535 2926 etiarn
555 2861 727 2926 immutato
755 2861 814 2926 illo
845 2862 958 2926 ordine
987 2861 1023 2924 in
1049 2885 1083 2927 re
1110 2862 1304 2947 astrologica

141 2989 222 3033 usos
245 2991 326 3049 esse,
353 2979 386 3033 et
408 2969 488 3034 alios
510 2969 646 3033 fortasse
668 2981 777 3034 vetere
800 2969 912 3033 ordine
934 2969 1038 3053 magis
1060 2970 1229 3054 magisque
1244 2992 1303 3033 ne-

138 3076 251 3161 glecto
273 3099 357 3141 novo
380 3076 438 3140 illo
460 3076 509 3139 nti
529 3075 699 3156 maluisse,
734 3099 836 3160 quum
863 3076 919 3140 alii
948 3077 1118 3159 antiquum
1140 3085 1299 3141 tenerent.

143 3185 241 3248 Certe
262 3185 444 3248 notandum
466 3195 528 3264 est,
561 3184 597 3248 in
619 3185 722 3248 tribus
743 3183 864 3248 tabulis
885 3192 1047 3247 mutatum
1075 3183 1221 3247 ordinem
1249 3183 1302 3246 in-

139 3291 257 3370 veniri,
284 3291 454 3376 antiquum
476 3291 584 3355 adhuc
603 3292 640 3355 in
660 3291 763 3355 nulla.
802 3292 910 3375 Quam
932 3293 973 3354 ob
995 3312 1063 3354 rem
1084 3311 1153 3354 non
1168 3289 1302 3354 omnino

137 3399 345 3483 repudianda
365 3399 494 3463 videtur
516 3399 642 3484 opinio,
670 3398 782 3463 ordine
804 3397 1009 3482 planetarum
1030 3397 1087 3461 illo
1109 3396 1206 3460 modo
1228 3419 1303 3460 mu-

140 3515 228 3586 tato,
256 3506 381 3570 dierum
404 3507 550 3571 ordinem
572 3505 785 3591 principalem
812 3504 905 3590 (d
929 3503 956 3589 l}
981 3503 1018 3590 ss
1041 3503 1071 3588 Ω
1095 3503 1129 3590 l)
1149 3504 1192 3590 Θ
1214 3505 1302 3590 apud

141 3613 320 3677 Arnmaeos
342 3613 475 3696 quidem
497 3623 530 3676 et
543 3613 725 3677 Phoenices
745 3614 788 3695 (et
802 3614 916 3677 Persas
925 3613 962 3695 l),
990 3609 1046 3694 qui
1069 3633 1143 3675 eum
1159 3635 1178 3676 a
1192 3615 1301 3698 Baby-

140 3719 240 3783 loniis
262 3719 462 3804 acceperint,
494 3731 658 3784 retentum
679 3741 765 3800 esse,
792 3719 991 3804 Babylonios
1013 3729 1122 3784 autem
1140 3719 1210 3803 jam
1232 3720 1301 3784 solo

140 3835 268 3891 mutato
289 3827 432 3890 voluisse
454 3826 513 3890 uti.
562 3827 628 3893 Qui
657 3826 793 3890 fortasse
822 3827 896 3890 ideo
924 3849 992 3891 non
1020 3827 1175 3891 fortuitus
1204 3837 1301 3909 atque

140 3944 262 3998 temere
291 3934 397 3998 factus
427 3933 612 4014 videbatur,
647 3934 735 4016 quod
763 3934 798 3997 in
828 3956 866 3998 eo
896 3935 1047 4018 planetae
1075 3933 1122 3998 ita
1152 3933 1301 4017 dispositi

141 4052 269 4122 essent,
294 4052 393 4127 prout
414 4040 640 4125 magnitudine
663 4051 742 4104 tunc
765 4041 1035 4106 existimabantur
1058 4041 1196 4104 differre.

213 4249 235 4308 l]
251 4244 293 4300 Ol.
305 4246 334 4300 11
343 4245 371 4299 R
383 4247 425 4311 48,
437 4248 539 4300 28-39
549 4263 572 4300 a.
581 4245 609 4299 b.
626 4243 714 4308 [Salm.
725 4243 803 4299 Obel
817 4249 825 4298 1
840 4249 916 4315 sqq).
936 4245 1017 4300 Sanh.
1028 4247 1094 4300 Bas.
1105 4248 1128 4300 1.
1147 4245 1171 4298 V
1183 4245 1211 4298 R
1223 4247 1245 4309 l,
1259 4246 1299 4298 14.

316 4343 319 4352 ,
1059 4348 1093 4399 3*
