3310 5126
638 323 853 384 „37-

159 493 302 558 alienior
323 490 388 554 fuit
416 512 435 553 a
457 490 585 554 sabbati
615 500 749 573 natura,
782 513 883 574 quum
912 491 1036 571 Nineb,
1071 491 1152 554 deus
1181 489 1262 554 belli
1292 502 1324 556 et

161 597 364 677 venationis,
399 618 469 660 non
490 596 519 659 is
542 607 641 679 esset,
675 597 733 681 qui
761 599 803 662 ad
830 599 935 663 otium
962 607 1102 662 vocaret.
1154 598 1324 662 Praeterea

161 705 342 770 hebdomas
364 703 558 788 astrologica
579 703 616 767 in
636 703 769 789 publico
794 728 859 769 usu
887 727 957 769 non
982 705 1086 770 fuisse
1113 704 1242 768 videtur
1269 705 1320 788 (cf.

161 833 239 898 pag.
260 813 326 894 35).
372 813 488 893 Itaque
515 810 544 874 si
566 814 700 876 sabbata
729 812 967 895 qualiacrmque
993 809 1170 896 Babylonii
1197 811 1324 876 habue-

161 929 256 998 runt,
285 918 375 982 credi
395 939 464 982 non
484 928 602 1002 potest,
629 942 666 984 ea
687 918 849 1004 principio
872 919 942 984 dies
965 917 1176 1002 astrologicae
1197 918 1324 983 hebdo-

161 1025 269 1090 madis
290 1025 404 1107 fuisse,
430 1027 488 1089 sed
510 1036 601 1090 extra
622 1027 830 1112 astrologiam
851 1025 1050 1111 Babylonios
1063 1024 1324 1089 hebdomadibus

162 1155 240 1198 usos
262 1153 333 1198 esse
355 1130 589 1215 suspicandum
611 1133 684 1198 erit.
729 1137 778 1199 Ac
799 1133 895 1198 facile
916 1133 1025 1217 potuit
1046 1131 1124 1198 oriri
1144 1132 1324 1196 hebdoma-

164 1242 245 1306 dum
271 1260 352 1304 usus
374 1260 415 1302 ex
436 1260 548 1303 mense
577 1239 686 1304 lunari
715 1239 967 1325 quadripartito,
1001 1238 1095 1322 cujus
1124 1259 1226 1322 quum
1252 1238 1324 1322 ple-

163 1368 302 1430 rumque
324 1345 551 1430 undetriginta
573 1347 643 1411 dies
665 1348 751 1430 sint,
785 1358 898 1429 quarta
919 1368 993 1430 pars
1016 1346 1145 1410 circiter
1166 1346 1232 1410 VH
1254 1345 1323 1410 dies

161 1455 273 1520 habet.
320 1454 413 1521 Quae
436 1453 554 1516 divisio
575 1455 714 1536 mensis,
748 1455 810 1519 etsi
837 1453 947 1518 minus
977 1463 1128 1517 accurata
1156 1453 1222 1517 fuit
1247 1453 1324 1536 (una

162 1563 253 1626 enim
274 1569 333 1624 aut
347 1561 431 1624 duae
446 1559 605 1644 cujusque
620 1561 743 1626 mensis
756 1561 976 1626 hebdomades
991 1571 1181 1626 octonorum
1196 1561 1325 1625 dierum

163 1679 266 1750 erant,
283 1666 337 1731 vel
351 1664 469 1730 ultima
483 1664 626 1731 invicem
639 1679 712 1733 octo
735 1668 863 1732 dierum
885 1677 943 1731 aut
964 1668 1108 1750 novem),
1133 1668 1220 1732 vitae
1242 1690 1325 1752 quo-

161 1777 307 1840 tidianae
328 1772 520 1838 necessitati
541 1774 708 1854 satisfecit,
736 1787 769 1839 et
791 1761 944 1858 equidem
964 1774 1121 1858 suspicor,
1148 1795 1189 1838 cx
1202 1774 1324 1838 talibus

162 1882 432 1960 hebdomadibus,
456 1903 536 1964 quas
555 1881 757 1959 „lunares“
780 1904 894 1946 vocare
911 1881 1000 1960 licet,
1026 1879 1234 1966 astrologicae
1253 1903 1324 1946 esse

162 2002 265 2055 ortas:
293 2011 395 2072 quum
417 1990 507 2052 enim
528 1987 683 2072 astrologi
704 1989 1023 2069 animadvertissent,
1039 1987 1246 2072 planetarum
1259 2010 1324 2051 nu-

161 2119 292 2161 merum
312 2117 448 2160 numero
470 2096 598 2160 dierum
619 2095 861 2160 hebdomadum
873 2096 1100 2180 plerarumque
1115 2117 1186 2159 esse
1200 2117 1321 2178 parem,

163 2204 261 2268 facile
284 2203 358 2268 oriri
378 2203 488 2288 potuit
510 2201 629 2288 opinio,
655 2203 836 2285 unicuique
857 2203 1062 2287 planetarum
1090 2202 1179 2266 diem
1200 2201 1325 2265 hebdo-

166 2311 275 2374 madis
297 2332 364 2375 esse
390 2310 655 2388 attribuendum,
688 2321 721 2374 et
749 2331 851 2392 quum
879 2321 952 2374 octo
981 2310 1117 2393 (novem)
1148 2307 1218 2372 dies
1248 2330 1324 2373 cum

169 2417 369 2502 planetarum
390 2439 529 2482 numero
543 2439 612 2481 non
626 2427 855 2500 congruerent,
879 2417 1098 2481 hebdomades
1113 2414 1324 2500 astrologicae

167 2535 316 2608 septenos
347 2524 418 2589 dies
447 2523 699 2609 complectentes
725 2545 745 2587 a
769 2523 941 2588 lunaribus
970 2523 1065 2587 facile
1091 2523 1321 2587 discessenmt.

163 2631 414 2695 chdomadem
443 2631 577 2714 quidem
598 2630 825 2715 astrologicam
845 2631 882 2696 in
909 2631 995 2695 vitae
1023 2629 1233 2714 quotidianae
1261 2651 1325 2693 usu

161 2737 266 2802 fuisse
279 2760 350 2802 non
365 2737 542 2802 verisimile
563 2736 647 2800 mihi
662 2737 800 2818 videtur,
825 2761 933 2822 neque
955 2739 1023 2803 ullo
1038 2738 1208 2802 literarum
1221 2739 1326 2821 baby-

160 2844 346 2909 lonicarum
367 2844 439 2908 loco
459 2845 616 2928 probatur
639 2844 679 2926 (v.
698 2845 798 2908 etiam
815 2868 889 2931 pag.
909 2849 974 2930 35),
1000 2847 1059 2910 sed
1079 2845 1225 2928 aliquam
1242 2843 1325 2908 heb-

160 2951 348 3033 domadem,
372 2954 441 3016 sive
461 2951 621 3030 lunarem,
646 2952 715 3015 sive
734 2952 844 3034 talem,
869 2953 1000 3036 qualem
1013 2952 1180 3018 Israelitae
1201 2951 1325 3014 habent

163 3068 197 3122 et
217 3079 291 3140 nos,
317 3080 414 3141 quam
430 3057 729 3138 „sabbaticam“
744 3081 858 3124 vocare
872 3058 965 3141 libet,
984 3059 1082 3145 vulgo
1096 3068 1209 3123 notam
1222 3057 1324 3120 fuisse

162 3165 242 3258 inde
265 3165 415 3249 conjicio,
441 3165 528 3248 quod
549 3165 586 3228 in
607 3164 705 3230 initio
719 3166 849 3230 fabulae
863 3168 931 3232 VII
953 3167 1150 3231 daemonum
1163 3163 1324 3228 malorum

160 3293 214 3336 res
238 3282 345 3356 gestas
366 3272 530 3338 narrantis
552 3273 593 3337 de
615 3273 657 3338 iis
679 3273 816 3339 dicitur:
841 3280 863 3339 a
885 3275 973 3338 etl-al
985 3273 1052 3338 mei
1066 3271 1173 3356 diaqir
1186 3263 1324 3350 §clamat

166 3379 344 3463 (accadice,
372 3380 459 3462 quod
481 3380 607 3465 Assyrii
629 3379 666 3444 in
687 3381 836 3466 linguam
857 3403 950 3445 suam
971 3380 1019 3444 sic
1043 3387 1228 3444 verterunt:
1257 3381 1325 3442 amt

162 3486 416 3570 mttolrputuw
438 3486 521 3550 iloni
539 3487 666 3553 limacis
684 3490 775 3573 tunc)
803 3487 904 3567 „Dies
933 3487 970 3550 in
999 3490 1111 3551 orbem
1133 3496 1248 3550 euntes
1271 3485 1324 3550 dei

162 3592 244 3656 mali
272 3599 382 3657 sunt“.
427 3595 544 3678 Itaque
565 3595 633 3660 VH
661 3595 713 3659 illi
738 3597 911 3660 daemones
939 3594 1026 3658 nihil
1051 3593 1143 3658 aliud
1170 3593 1324 3657 videntur

164 3721 236 3764 esse
258 3721 357 3784 quam
378 3701 449 3765 dies
470 3701 685 3768 hebdomadis
706 3702 743 3766 in
763 3723 917 3788 personas
940 3701 1121 3766 constituti.

252 3807 394 3872 Sabbata
414 3808 614 3894 Babylonios
636 3811 704 3876 otio
727 3809 915 3892 celebrasse,
941 3809 1103 3894 imprimis
1126 3809 1325 3872 demonstrat

164 3912 256 3978 locus
277 3936 376 4000 supra
397 3928 611 3981 memoratus:
636 3923 711 3982 ama
732 3923 794 4004 παῤ
815 3917 894 3981 libbi
912 3946 955 3972 =
976 3919 1145 3992 caballum,
1171 3914 1206 3978 Π
1221 3915 1253 3976 R
1268 3919 1320 3991 32,

169 4027 247 4086 lta.
262 4025 301 4086 b:
328 4023 419 4102 „dies
441 4023 562 4107 quietis
584 4024 689 4088 cordis
711 4053 754 4080 =
775 4018 881 4113 nati&

236 4264 258 4328 1)
277 4261 377 4317 Partic.
389 4261 440 4332 1,3
460 4260 594 4330 (istaneal)
614 4262 692 4318 verbi
708 4263 816 4334 acbdpu
829 4286 860 4309 -=
873 4262 950 4318 hebr.
966 4272 1026 4340 ηρξ.
