3276 5130
821 337 1035 402 ..34-

344 513 462 578 fierent
490 507 774 576 interdicendc¹.'
803 510 880 574 Hoc
902 507 1028 574 scilicet
1055 529 1123 574 non
1151 527 1324 592 possumis
1358 509 1511 593 probare,

256 695 259 698 ¹
348 616 515 684 Israelitas
536 627 662 682 veteres
684 615 810 682 sabbati
837 615 1049 682 violationem
1077 615 1202 680 crimen
1230 613 1367 700 capitale
1395 615 1517 678 existi-

346 746 452 791 masse
466 735 500 790 et
514 733 620 788 morte
634 722 805 804 multasse,
828 745 1026 807 quamquam
1038 723 1191 808 redargui
1215 722 1312 787 certis
1334 743 1517 808 argumen-

345 833 388 898 tis
409 853 479 898 non
498 841 616 916 potest.
659 832 769 914 Atque
790 841 830 896 ut
851 830 989 914 quisque
1011 829 1085 894 aliis
1107 829 1149 894 (le
1170 830 1278 895 causis
1299 831 1341 894 de
1362 840 1517 894 veterum

346 938 569 1006 Israelitarum
590 939 689 1002 rebus
711 938 873 1004 emisersis
891 937 1064 1022 judicabit,
1091 937 1140 1002 ita
1160 937 1201 1002 de
1215 937 1278 1002 hac
1291 958 1327 1000 re
1341 935 1401 1000 elii
1415 935 1516 1002 aliter

343 1046 467 1114 sentire
486 1045 628 1110 liberum
650 1044 723 1110 erit.

430 1154 607 1236 Utcunque
632 1173 709 1218 vero
734 1152 797 1218 hoc
821 1173 857 1217 se
877 1151 998 1218 habere
1021 1151 1164 1237 cuipiam
1185 1151 1353 1218 videbitur
1377 1161 1410 1215 et
1433 1150 1514 1216 licet

346 1261 468 1341 credat,
493 1260 605 1346 ignem
628 1261 762 1324 sabbato
791 1259 969 1324 incendere
995 1258 1173 1344 posteriore
1201 1258 1334 1324 demum
1363 1268 1512 1343 tempore

346 1368 485 1434 vetitum
500 1389 582 1449 esse,
600 1387 664 1450 quo
679 1365 763 1432 liber
775 1367 832 1432 PC
846 1367 987 1453 scriptus
1000 1366 1053 1446 sit,
1072 1378 1183 1432 tamen
1197 1388 1266 1432 non
1280 1387 1363 1450 opns
1377 1377 1429 1430 cst
1444 1378 1511 1432 sta·

344 1486 445 1553 tuere,
470 1474 509 1538 in
521 1473 585 1538 hoc
598 1473 685 1538 libro
698 1471 758 1538 otii
773 1473 933 1540 sabbatici
947 1474 1109 1540 rationem
1128 1473 1262 1559 penitus
1281 1482 1443 1538 mutatam
1456 1474 1507 1537 in-

345 1581 461 1661 veniri,
487 1580 554 1646 nisi
568 1580 652 1646 forte
667 1581 755 1664 quod
769 1581 867 1666 paulo
881 1581 989 1648 acrius
1003 1581 1040 1645 in
1062 1603 1100 1646 eo
1122 1581 1317 1666 postulatu,
1344 1591 1385 1644 nt
1405 1581 1501 1645 ctiam

344 1711 421 1755 cum
447 1688 591 1774 perfecta
625 1687 799 1772 diligentia
835 1700 962 1774 agenn.
1014 1690 1108 1758 Quae
1141 1687 1306 1754 sententie
1338 1688 1438 1773 plana
1468 1709 1502 1752 ac

344 1807 434 1862 recta
454 1797 561 1862 subsit
582 1795 689 1860 vetbis
712 1843 751 1873 „.
770 1843 778 1858 .
799 1843 808 1858 .
832 1796 884 1862 die
904 1795 1140 1862 Sclbctlemlee
1163 1845 1171 1860 .
1192 1845 1229 1861 ..
1254 1795 1336 1860 wird
1355 1795 1446 1860 tw
1465 1795 1505 1858 im

344 1905 409 1972 ΡΟ
427 1925 530 1989 „qm
549 1905 691 1970 clatrcct
703 1925 897 1988 cesoma,
921 1902 1008 1968 nieht
1028 1904 1077 1967 ab
1090 1903 1184 1968 Ruta
1198 1926 1258 1968 con
1272 1903 1370 1968 eiam
1385 1905 1506 1984 etwas,

346 2061 356 2078 .
376 2061 383 2076 .
405 2061 415 2077 .
436 2012 572 2076 condem
593 2011 643 2076 cla
656 2009 751 2076 state
771 2009 998 2090 electiles&
1021 2031 1090 2075 ncn
1104 2011 1213 2076 video.
1252 2010 1370 2075 Otium
1383 2032 1512 2094 semper

345 2119 532 2204 oppositum
552 2129 604 2183 est
625 2117 747 2198 labori,
780 2117 880 2183 etiam
908 2118 959 2199 id,
992 2119 1080 2202 quod
1108 2119 1165 2183 PC
1194 2119 1344 2203 imperat.
1400 2118 1512 2186 Quare

345 2248 436 2307 vero,
471 2247 573 2310 quum
602 2227 732 2292 otiose
766 2226 844 2291 daie
873 2225 947 2308 quis
970 2224 1120 2310 jubetur,
1154 2234 1301 2310 oporteat
1329 2223 1411 2305 dici,
1445 2247 1512 2308 quo

342 2333 452 2400 lebcre
471 2333 720 2398 intermittendo
736 2332 842 2396 otium
856 2331 913 2416 agi
925 2327 1054 2414 debeat,
1079 2333 1153 2417 quis
1173 2343 1283 2417 potest
1304 2331 1513 2417 intell'gerel

343 2443 516 2506 Pmeterea
530 2440 620 2525 ipsae
636 2450 817 2506 ceterorum
828 2439 1046 2506 Pentateuchi
1060 2441 1205 2506 fontium
1218 2440 1311 2525 leges
1323 2441 1511 2505 sabbaticae

344 2548 481 2612 minime
509 2559 616 2614 certes
642 2548 769 2614 labores
791 2557 920 2627 vetant,
951 2548 1010 2612 sed
1037 2548 1190 2612 universe
1217 2547 1349 2629 dicunt,
1374 2549 1511 2612 sabbato

343 2655 478 2739 negotia
505 2676 602 2740 agere
626 2675 696 2719 ncn
723 2653 773 2719 fas
801 2675 889 2734 esse,
924 2664 958 2717 et
986 2666 1099 2719 cantra
1127 2654 1216 2720 solus
1243 2656 1299 2720 ΡΟ
1327 2654 1393 2719 elno
1422 2666 1510 2719 certa

344 2761 478 2845 negotia
505 2771 674 2842 memorat,
707 2761 827 2843 quibus
848 2761 978 2826 sabbati
1004 2762 1162 2827 sanctitas
1188 2761 1330 2827 violetm
1354 2797 1399 2808 -
1426 2783 1513 2826 num·

344 2867 407 2932 hoc
428 2878 479 2934 est
499 2867 605 2952 magis
628 2867 839 2932 indefinitum
867 2868 1090 2952 (mineatem

432 2975 498 3040 Sed
519 2974 603 3040 haec
621 2974 794 3040 hactenus.
840 2975 928 3040 Satis
954 2976 1037 3040 mihi
1063 2979 1237 3062 probatam
1265 2999 1336 3042 esse
1365 2977 1509 3060 videtne,

344 3084 492 3164 sabbata,
517 3093 677 3166 quantum
699 3083 782 3148 seire
802 3103 987 3167 poesumus,
1008 3083 1079 3167 jam
1098 3085 1339 3168 antiquissimis
1352 3085 1513 3169 tempori-

344 3192 406 3254 bus
428 3191 471 3254 ab
492 3189 652 3254 Israelitis
674 3190 859 3256 existimata
880 3211 952 3256 esse
970 3190 1136 3258 laboribus
1156 3193 1381 3278 (gravioribus)
1402 3194 1512 3259 omni-

343 3298 406 3361 bus
435 3296 694 3362 intermittendis
723 3298 931 3378 celebtanda‚
963 3320 1025 3364 nee
1050 3321 1146 3385 posse
1174 3301 1277 3365 firmis
1305 3301 1510 3386 armentis

344 3403 449 3486 ellici,
483 3404 673 3488 quiescendi
701 3406 836 3470 modum
866 3405 1036 3488 aliquanto
1064 3407 1275 3473 hnmutemm
1307 3429 1376 3472 esse
1406 3408 1444 3471 in
1470 3408 1511 3472 iis

345 3511 559 3594 temporibus,
585 3512 707 3595 quibus
727 3513 802 3578 Vct.
827 3513 1031 3578 Testamenti
1053 3514 1131 3578 libri
1152 3515 1267 3600 scripti
1288 3526 1377 3580 sunt.

415 3717 439 3780 1)
464 3715 569 3785 Agitur
595 3714 646 3772 hcc
672 3715 733 3772 loco
761 3717 795 3772 de
821 3717 857 3772 iis
881 3718 1063 3788 temporibus,
1091 3736 1208 3790 quorum
1230 3719 1390 3774 memoriam
1412 3719 1511 3775 literae

344 3818 437 3856 sacrae
464 3801 525 3856 Vct.
548 3801 719 3857 Testamenti
744 3801 971 3875 complectuntur.
1012 3805 1167 3859 Posteriore
1194 3813 1317 3876 tempore
1345 3804 1418 3860 illud
1446 3823 1511 3860 vere

342 3887 447 3942 factum
463 3902 523 3941 esse
541 3895 655 3942 constat.
