3310 5126
567 1110 897 1240 Prooemium.

684 1343 787 1352 ..e-0—

242 1428 407 1546 Quamvis
429 1468 527 1535 multi
549 1477 680 1535 exstent
700 1467 794 1551 libri,
820 1467 939 1553 quibus
969 1470 1010 1534 de
1031 1469 1235 1535 hebdomade
1263 1471 1317 1536 in-

154 1585 270 1651 stituta
285 1594 319 1649 et
330 1584 370 1648 de
382 1583 520 1665 sabbati,
534 1582 559 1648 i.
570 1605 599 1648 e.
614 1580 746 1667 septimi
761 1581 920 1666 cujusque
936 1582 1002 1647 diei
1016 1583 1137 1648 laboris
1152 1583 1318 1651 intermis-

154 1695 246 1759 sione
263 1690 349 1776 (otio,
366 1691 487 1776 quieto)
503 1690 733 1776 distinguendi
747 1691 873 1776 origine
889 1713 927 1756 ac
936 1702 1054 1756 natura
1065 1701 1239 1758 mactatum
1255 1703 1314 1776 est,

155 1811 267 1866 tamen
281 1799 344 1866 hoo
358 1799 429 1885 ipso
441 1810 598 1884 tempore,
613 1820 677 1884 quo
692 1820 761 1864 non
775 1799 871 1864 modo
887 1821 929 1864 ex
942 1800 1198 1886 Mesopotamiae
1212 1801 1318 1867 ruinis

154 1910 269 1975 literae
291 1919 495 1974 emerserunt
517 1905 737 1992 amplissimae
760 1917 793 1972 et
807 1907 1093 1993 locupletissimae,
1119 1929 1318 1993 quaequam

153 2039 205 2082 res
235 2015 388 2101 antiquas
414 2015 674 2101 Babyloniorum
702 2015 811 2081 adhuc
838 2017 984 2081 tenebris
1013 2019 1199 2082 obscuratas
1225 2027 1319 2102 pate-

153 2125 282 2190 iaoiunt
303 2134 401 2207 atque
429 2123 613 2206 illustrant,
642 2133 715 2189 turn
738 2146 821 2208 quae
848 2133 996 2210 spectant
1017 2123 1059 2188 ad
1080 2123 1318 2190 hebdomadem

155 2235 392 2314 sabbatumque
426 2252 539 2309 eorum
571 2233 730 2318 produnt,
765 2253 878 2297 verum
912 2230 1011 2296 etiam
1038 2233 1079 2297 de
1105 2233 1319 2317 pentateuchi

157 2337 298 2403 Mosaioi
320 2336 450 2422 origine
473 2348 506 2403 et
528 2339 567 2404 de
589 2361 699 2404 rerum
714 2339 968 2406 Israelitiearum
983 2339 1169 2425 primordiis
1191 2363 1229 2406 ao
1243 2363 1320 2426 pro-

160 2467 273 2532 gressu
293 2467 426 2530 prorsus
448 2467 532 2511 nova
545 2449 586 2513 ab
600 2448 790 2514 hominibus
812 2447 917 2512 doctis
939 2447 1075 2514 inventa
1096 2459 1185 2531 sunt,
1210 2449 1319 2515 denuo

159 2554 245 2618 hano
265 2575 334 2618 rem
363 2559 563 2623 tractandam
593 2567 627 2622 et
656 2556 908 2621 examinandam
937 2577 1008 2621 esse
1037 2567 1178 2642 apparet.
1225 2559 1320 2624 Nova

159 2661 250 2726 enim
279 2661 341 2728 ista
375 2685 484 2728 rerum
516 2665 771 2730 Israelitioarum
806 2665 1044 2730 narrandarum
1078 2663 1178 2748 ratio,
1218 2688 1319 2751 quum

156 2769 284 2834 sabbati
307 2791 436 2856 quoque
458 2773 662 2859 temporibus
684 2772 821 2838 diversis
851 2773 1012 2838 diversam
1041 2774 1129 2859 apud
1150 2775 1320 2840 Hebraeos

156 2876 256 2942 etiam
277 2888 351 2962 post
365 2881 483 2946 Mosen
498 2882 728 2947 auctoritatem
742 2880 993 2963 fuisse‘statuat,
1013 2880 1081 2946 sive
1095 2892 1183 2947 reeta
1199 2904 1237 2948 ea
1250 2882 1320 2948 siva

154 3007 254 3071 prava
275 2995 333 3067 est,
360 3008 446 3052 nova
466 2991 558 3071 quasi
573 2989 698 3055 trutina
712 2991 800 3055 looos
816 2989 945 3054 Veteris
960 2989 1174 3071 Testamenti,
1200 2987 1320 3072 quibus

155 3095 196 3158 de
218 3096 353 3159 sabbato
376 3095 496 3180 agitur,
521 3095 683 3181 pensandi
704 3097 931 3162 necessitatem
946 3097 1054 3177 affert;
1080 3097 1195 3162 literae
1209 3106 1320 3161 autem

156 3201 375 3286 Babylonioae
389 3213 520 3268 tanturn
534 3203 646 3269 valent
667 3203 710 3268 ad
725 3205 998 3289 cognoscendum,
1016 3227 1098 3269 num
1113 3213 1189 3270 ante
1203 3205 1320 3269 Mosen

158 3311 330 3374 sabbatum
352 3311 405 3375 vel
426 3311 533 3376 simile
557 3311 627 3396 ejus
649 3312 759 3394 suerit,
786 3322 825 3376 ut
847 3333 885 3377 ea
907 3312 1054 3397 quaestio
1066 3311 1137 3396 jam
1151 3311 1188 3376 in
1205 3311 1321 3376 discri-

157 3442 233 3485 men
254 3421 396 3486 adduota
419 3441 487 3484 esse
513 3419 679 3486 videatur:
712 3421 800 3504 quod
830 3421 887 3504 qui
915 3419 1168 3500 demonstrabit,
1201 3441 1318 3505 operae

155 3527 299 3614 pretium
319 3525 429 3592 faoiet.
463 3529 539 3591 Jam
560 3538 705 3593 nostram
720 3524 851 3611 utrique
865 3527 913 3592 rei
928 3548 1059 3612 operam
1073 3549 1192 3593 navare
1208 3527 1318 3593 animo

155 3635 394 3721 proposuimus.

242 3746 284 3808 ln
299 3743 375 3808 Vet.
388 3743 597 3809 Testamenta
612 3744 735 3829 duplex
750 3744 791 3808 de
806 3743 932 3830 origine
947 3744 1075 3810 sabbati
1090 3743 1247 3810 memoria
1262 3766 1319 3810 ex-

157 3861 232 3917 stat.
264 3851 412 3916 Primum
425 3851 585 3936 proditur,
610 3853 720 3916 Deum
734 3854 832 3936 quod,
850 3855 973 3918 mundo
993 3875 1052 3919 sex
1065 3852 1183 3918 diebus
1198 3863 1316 3935 creato,

156 3958 296 4046 septimo
325 3958 502 4042 quieverit,
541 3958 632 4024 hano
661 3960 750 4025 diem
784 3960 929 4026 faustum
960 3982 1152 4044 sacrumque
1186 3959 1313 4040 fecisse,

159 4088 298 4152 eamque
314 4089 384 4134 esse
400 4089 541 4150 oausam,
567 4088 625 4132 eur
639 4068 797 4154 septimus
814 4069 951 4153 quisque
966 4069 1036 4134 dies
1052 4068 1161 4153 quiete
1176 4067 1220 4132 sit
1235 4068 1321 4133 cele-

158 4175 304 4240 brandus
319 4175 418 4260 (Gen.
437 4181 468 4258 2,
487 4182 518 4240 2.
537 4181 567 4238 3.
592 4175 654 4240 Ex.
674 4183 726 4259 20,
747 4179 878 4263 9—11).
916 4177 1002 4242 'lium
1016 4179 1108 4242 Deus
1130 4197 1188 4261 per
1200 4177 1318 4241 Mosen

159 4282 317 4349 Israelitis
339 4285 512 4349 sabbatum
535 4281 662 4349 dedisse
691 4284 813 4350 dioitrrr
840 4285 968 4368 (Erech.
987 4291 1039 4366 20,
1061 4290 1197 4349 18-21.
1230 4285 1317 4351 Neh.

212 4401 294 4453 nats.
309 4401 514 4446 naamam-u.
1101 4404 1112 4457 1
