3276 5130
809 337 1025 400 ..92-

337 505 458 572 meotis
480 505 568 570 diem
589 505 710 590 quietis
732 528 752 572 a
770 507 842 572 Deo
863 505 1054 574 institutum
1074 506 1152 572 usui
1173 527 1243 572 esse
1264 526 1400 572 neeesse
1421 503 1498 570 mit.

336 613 533 680 [nstitutum
554 612 631 692 ale,
656 612 752 696 quale
773 615 909 679 sabbate
931 625 1026 694 sunt,
1058 637 1127 680 non
1152 625 1261 700 potest
1288 635 1358 678 non
1384 611 1501 678 multis

334 721 442 786 modis
462 721 506 786 ed
526 719 614 786 vitoe
635 720 786 804 publieae
814 731 848 786 et
868 720 1013 805 privatae
1041 721 1295 787 eonsuetudines
1322 731 1357 786 et
1385 719 1503 785 eondi-

336 829 445 894 tiones
474 827 656 912 pertinere,
688 839 723 893 et
751 827 912 912 quidquid
940 829 1082 894 selutrre
1109 851 1148 894 eo
1175 828 1328 908 efficium,
1361 826 1501 892 oonsilio

334 935 477 1001 auotoris
499 934 588 1000 effici
608 935 740 1002 videtur
769 935 815 1014 ei,
849 935 907 1019 qui
935 957 955 1000 a
979 937 1052 1002 Deo
1081 937 1186 1002 (redit
1213 958 1284 1002 rem
1311 935 1502 1000 insb'tntam

334 1048 437 1108 esset
484 1043 540 1108 Sio
559 1044 609 1120 lit,
641 1053 680 1108 ut
708 1042 746 1106 in
772 1042 902 1128 legibus
930 1043 1104 1108 sabbatiois
1131 1043 1205 1108 aliis
1232 1042 1319 1108 alios
1343 1040 1501 1108 utiliutis

333 1172 432 1216 musa
452 1153 625 1216 sabbstum
646 1149 835 1216 institutum
850 1171 920 1216 esse
934 1151 1071 1230 dimon,
1097 1173 1207 1234 neque
1227 1149 1422 1216 inoeedsbile
1437 1163 1498 1228 est,

333 1259 476 1324 eundem
490 1257 710 1342 legislatorem
725 1257 861 1324 diversis
875 1258 956 1324 loeis
970 1257 1114 1324 diversas
1130 1258 1190 1324 otii
1205 1257 1367 1324 sabbatici
1385 1277 1500 1322 erosas

333 1387 522 1451 proponere.

419 1481 663 1582 Existimamus¹
689 1481 793 1566 igitur
822 1481 1005 1565 antiquitus
1039 1492 1144 1547 ortam
1176 1503 1248 1547 esse
1283 1481 1491 1560 sententiam,

332 1591 437 1654 otium
451 1589 657 1654 sabbatioum
670 1599 710 1652 ut
723 1589 921 1654 beneficium
934 1611 955 1653 s
968 1590 1040 1654 Deo
1063 1590 1177 1653 dotum
1198 1611 1270 1654 esse
1290 1588 1491 1667 bominibus,

332 1697 474 1762 maxime
496 1696 597 1761 servis
619 1696 772 1781 gravibus
792 1695 960 1760 laboribus
980 1696 1115 1780 pressis,
1141 1707 1175 1761 et
1192 1697 1365 1781 jumentis,
1389 1717 1489 1778 neque

330 1815 444 1890 postea
464 1825 537 1868 eam
560 1825 602 1867 ex
614 1803 735 1868 animis
757 1803 940 1868 effluxisse:
965 1825 1034 1868 non
1056 1803 1219 1870 eredimus
1240 1804 1389 1888 potuisse
1410 1803 1492 1883 fieri,

331 1924 369 1976 ut
390 1911 550 1976 Israelitis
572 1933 611 1975 es
631 1912 840 1975 sabbatorum
861 1923 1014 1976 notorem
1035 1911 1257 1976 serationem
1278 1933 1413 1976 omnem
1442 1932 1500 1974 ex-

328 2019 428 2104 primi
448 2019 626 2098 videretur,
651 2017 806 2100 quoniam
826 2021 1000 2084 sabbatum
1022 2019 1108 2083 diem
1123 2019 1145 2082 J
1152 2019 1309 2084 ehovse
1330 2039 1500 2083 ssorum

329 2129 371 2191 ab
391 2125 584 2191 bominibus
606 2135 751 2190 sonate
772 2125 978 2209 agendum
999 2126 1242 2192 existimabant.

416 2245 455 2306 In
479 2242 582 2306 altere
602 2252 695 2326 perte
709 2241 791 2326 legis
807 2242 992 2307 sabbatioee
1014 2243 1208 2330 decalogi
1229 2243 1337 2308 Exodi
1356 2244 1422 2326 (20,
1446 2243 1497 2323 117

330 2349 488 2434 septimus
511 2350 652 2438 quisque
672 2349 743 2413 dies
766 2369 804 2412 ea
825 2350 867 2413 de
890 2371 987 2414 eausa
1009 2351 1077 2415 otio
1100 2351 1282 2416 detineam
1310 2371 1382 2414 esse
1412 2347 1501 2412 dioi-

329 2469 398 2538 mr,
431 2457 519 2539 quod
545 2458 638 2520 Deus
667 2457 792 2520 mundo
821 2478 879 2520 sex
900 2457 1017 2522 diebus
1039 2469 1147 2523 creato
1169 2458 1314 2542 septimo·
1331 2455 1500 2539 quieverit

328 2584 469 2646 eumque
492 2564 579 2628 diem
600 2585 730 2628 sacrum
750 2565 961 2647 faustumque
974 2565 1099 2630 feeerit.
1140 2565 1233 2630 Sicut
1247 2585 1328 2648 opus
1343 2563 1500 2627 divinum

400 2822 424 2884 l)
443 2817 583 2874 credibile
601 2827 644 2873 est
661 2819 749 2874 fuisse
765 2819 919 2885 israelitas,
941 2820 990 2890 qui
1007 2819 1096 2874 otium
1113 2821 1284 2876 sabbatieum
1301 2839 1318 2874 a
1334 2821 1397 2876 Deo
1414 2836 1498 2890 prse-

328 2903 463 2975 sdriptmn
478 2903 611 2975 putarint,
632 2922 668 2959 ne
685 2905 808 2961 sabbatis
822 2904 902 2960 labor
912 2905 1055 2960 Israelitas
1067 2913 1194 2962 evoasret
1205 2907 1240 2962 ab
1253 2905 1393 2960 adorando
1405 2905 1500 2959 Deum

328 2999 357 3044 et
373 2989 566 3060 pmodioando,
587 3006 632 3044 res
648 2990 684 3044 rb
701 3007 734 3044 eo
751 2997 844 3060 gestos
860 2991 1081 3063 monphndo,
1101 2992 1251 3064 prophetas
1266 2991 1422 3047 voluntatis
1434 2991 1499 3062 ejus

327 3075 493 3146 interpretes
509 3075 659 3133 audiendo.
693 3075 756 3132 Hoc
773 3074 872 3135 altem
888 3085 994 3134 eertum
1010 3085 1061 3143 ost,
1082 3078 1178 3146 fuisse
1198 3079 1248 3149 qni
1271 3078 1330 3132 otio
1351 3077 1497 3134 sabbatino

326 3179 382 3216 non
394 3159 493 3216 melius
510 3161 553 3216 uti
569 3178 652 3233 posse
670 3160 725 3216 sibi
741 3159 908 3218 viderentur.
938 3162 1022 3226 Quod
1037 3162 1137 3218 haeoee
1155 3163 1236 3220 docet
1251 3163 1320 3218 libri
1336 3180 1436 3234 regum
1457 3163 1498 3228 (Π

326 3251 351 3312 4,
368 3250 400 3300 18
412 3251 481 3317 sqq.)
501 3247 638 3302 narratio:

395 3331 490 3392 Quum
505 3331 626 3388 Elisse
643 3333 794 3404 prophetae
811 3333 899 3388 amica
917 3332 967 3388 ills
978 3333 1131 3399 sunamite,
1150 3331 1216 3400 lilio,
1238 3351 1321 3406 quem
1331 3333 1411 3388 Elisa
1428 3351 1497 3406 pro-

325 3417 446 3484 miserat,
465 3426 584 3484 mortuo,
608 3437 625 3472 a
647 3417 747 3472 marito
769 3435 878 3472 servum
894 3427 925 3472 et
941 3413 1050 3474 annin
1066 3419 1207 3492 petiisset,
1228 3428 1261 3474 ut
1276 3419 1314 3474 ad
1330 3419 1498 3491 prophetem

326 3503 553 3574 profieisoeretur,
574 3503 732 3560 ismiratus
749 3503 947 3575 interrogavit:
968 3504 1049 3572 „Cur
1065 3505 1119 3562 vis
1134 3505 1177 3564 ad
1201 3523 1276 3562 eum
1296 3505 1363 3571 ire,
1391 3523 1497 3578 quum

326 3605 391 3642 nee
408 3607 518 3644 novae
536 3587 642 3643 lunae
661 3588 737 3644 dies
754 3589 804 3644 sit
821 3607 883 3644 neo
901 3591 1116 3646 sabbatum?
1149 3591 1226 3648 Haec
1244 3591 1366 3647 narratio
1385 3590 1497 3644 etiamsi

325 3691 381 3727 non
406 3673 443 3728 sit
467 3691 501 3727 ex
523 3674 677 3728 veterrimis
701 3673 735 3728 de
752 3673 833 3730 Elisa
855 3675 980 3746 seriptis,
1005 3676 1130 3746 profecto
1154 3677 1222 3732 satis
1247 3684 1357 3732 vetusta
1379 3683 1433 3742 est,
1461 3685 1496 3730 ut

325 3775 419 3812 veram
435 3758 525 3828 possit
540 3759 674 3829 temporis
693 3759 772 3814 illius
790 3760 939 3832 imaginem
961 3761 1100 3818 exhibere.
1139 3763 1218 3818 Licet
1241 3762 1329 3832 igitur
1351 3760 1491 3825 arbitrari,

324 3842 376 3898 ille
392 3851 482 3898 setrto
499 3842 641 3899 Israelitss
657 3844 806 3915 religiosos
823 3847 946 3902 sabbatis
963 3855 992 3902 et
1008 3847 1107 3902 diebus
1123 3866 1211 3903 novae
1228 3847 1313 3902 lunae
1330 3846 1409 3918 apud
1426 3863 1497 3918 pro-

326 3928 425 4000 phetss
441 3929 609 3994 convenisse,
630 3931 680 4002 qui
696 3931 782 3987 verbs
792 3930 848 3985 Dei
865 3931 920 3988 sibi
936 3932 1136 4003 praedioarent.
1165 3933 1240 3990 Nam
1255 3931 1376 4005 simplex
1393 3939 1422 3986 et
1433 3931 1497 3988 sin-

323 4032 386 4069 cera
407 4016 555 4070 verborum
576 4015 769 4086 interpretatio
794 4015 929 4082 ostendit,
957 4017 1085 4072 maritum
1114 4017 1239 4072 mulieris
1261 4017 1340 4072 illius
1363 4017 1497 4072 miratum

324 4117 393 4166 esse,
414 4100 489 4170 quod
504 4100 591 4158 vellet
608 4100 684 4156 adire
701 4101 872 4170 prophetem,
893 4118 975 4171 quem
992 4103 1091 4160 diebus
1107 4122 1195 4160 novae
1217 4103 1300 4158 lunae
1322 4111 1351 4159 et
1369 4102 1496 4158 sabbatis

323 4193 432 4240 tantum
447 4186 537 4242 sisere
561 4185 675 4251 soleret,
702 4203 759 4240 non
781 4203 847 4240 vero
873 4186 1071 4253 (Wellhsusen,
1094 4190 1188 4246 ouo.
1208 4191 1273 4255 Ian,
1293 4189 1392 4254 1117),
1417 4188 1497 4258 quod

324 4289 433 4326 servum
449 4280 478 4326 et
494 4271 603 4326 asinum
619 4280 753 4341 posesset,
774 4271 824 4341 qui
840 4289 897 4326 non
913 4282 1005 4329 essent
1021 4273 1078 4330 nisi
1094 4275 1174 4332 festis
1191 4274 1250 4330 illis
1268 4274 1368 4330 diebus
1384 4273 1475 4330 saeui
