3276 5130
403 803 530 867 Tabula
565 811 689 884 nostra,
723 803 809 888 regis
843 813 876 867 et
909 781 1111 867 sacerdotum
1144 803 1313 866 commodo
1343 799 1473 886 scripta,

319 913 429 992 docet,
464 933 546 994 quae
576 910 617 974 iis
646 932 844 994 unoquoque
871 911 924 976 die
945 913 1067 978 mensis
1089 911 1183 978 istius
1205 933 1263 996 pro
1285 910 1387 996 ipsius
1410 907 1478 972 diei

318 1027 435 1083 natura
468 1018 617 1083 facienda
650 1039 797 1102 quaeque
824 1041 891 1083 non
921 1021 1071 1086 facienda
1098 1021 1174 1086 sint.
1227 1021 1338 1087 Quum
1366 1025 1478 1080 autem

318 1126 404 1212 regis
426 1126 693 1209 sacerdotumque
715 1126 783 1190 vita
804 1125 890 1192 vitae
913 1129 1036 1194 civium
1057 1151 1125 1193 non
1151 1127 1285 1193 omnino
1308 1123 1478 1189 dissimilis

318 1257 389 1299 esse
411 1233 563 1319 potuerit,
589 1232 667 1296 licet
689 1233 848 1318 conjicere
871 1235 991 1299 similia
1008 1237 1060 1301 his
1076 1246 1173 1320 atque
1188 1234 1254 1298 illis
1268 1234 1367 1298 fuisse
1382 1255 1478 1318 prae-

319 1340 453 1425 scripta,
485 1361 681 1423 quamquam
709 1341 876 1425 probabile
905 1353 969 1427 est,
1002 1344 1072 1428 regi
1095 1353 1128 1407 et
1149 1340 1370 1408 sacerdotibus
1388 1341 1477 1405 'non-

317 1448 410 1513 nulla
432 1447 533 1512 fuisse
555 1447 709 1512 mandata
731 1471 750 1512 a
772 1445 951 1514 ceterorum
972 1451 1040 1516 vita
1061 1451 1180 1515 aliena.

404 1541 628 1620 Sabbatorum'
640 1541 946 1640 hebdomadumque
968 1558 1143 1646 vestigium
1164 1558 1243 1624 satis
1266 1566 1390 1622 certum
1410 1555 1474 1620 hoe

319 1662 498 1744 cernimus,
532 1663 619 1746 quod
648 1663 717 1729 dies
744 1664 919 1750 septimus,
952 1676 1085 1750 quartus
1108 1666 1269 1746 decimus,
1302 1663 1474 1729 vicesimus

318 1771 454 1857 primus,
481 1771 769 1838 duodetricesimus
784 1772 967 1838 interdictis
987 1775 1172 1861 insignibus
1195 1771 1343 1838 distincti
1365 1773 1472 1835 sunt¹.
1526 1761 1529 1768 ¹

319 1879 533 1944 Interdicitur
565 1880 636 1964 regi
669 1879 864 1964 quibusdam
892 1883 990 1946 rebus
1023 1884 1064 1947 ad
1097 1877 1358 1947 commoditatem
1391 1879 1478 1942 vitae

320 1988 577 2074 pertinentibus:
615 2010 744 2053 carnem
783 2011 880 2074 super
909 1989 1019 2075 ignem
1051 1999 1190 2054 assatam
1223 1988 1334 2068 edere,
1371 1995 1478 2049 vestes

319 2106 456 2179 mutare,
482 2105 588 2160 vestes
618 2094 707 2159 albas
736 2095 873 2160 induere
902 2107 1040 2162 vetatur.
1094 2095 1205 2170 Quum
1218 2117 1299 2170 ¹non
1322 2093 1479 2178 jubeatur

315 2203 480 2288 jejunare,
520 2204 577 2268 sed
610 2223 707 2267 carne
741 2213 869 2267 tautum
900 2225 998 2288 super
1026 2205 1137 2289 ignem
1166 2213 1271 2268 assata
1298 2201 1473 2283 abstinere,

318 2311 418 2396 hujus
433 2333 531 2376 causa
549 2309 718 2375 interdicti
733 2311 862 2376 videtur
876 2311 988 2394 fuisse,
1009 2314 1095 2396 quod
1109 2312 1201 2376 nefas
1216 2311 1396 2376 habebatur
1410 2309 1477 2380 illis

319 2419 434 2484 diebus
456 2441 604 2502 coquere,
631 2440 728 2502 quam
750 2422 791 2483 ob
813 2442 882 2483 rem
897 2441 940 2484 ne
955 2421 1025 2506 regi
1041 2418 1173 2504 quidem
1194 2440 1323 2482 carnem
1339 2427 1478 2482 assatam

275 2589 276 2592 ,
318 2526 483 2611 requirere
506 2526 611 2590 licuit.
653 2526 688 2590 si
710 2526 791 2591 haec
812 2536 862 2590 est
884 2527 1048 2592 sententia
1068 2526 1162 2612 legis,
1189 2525 1404 2611 comparanda
1427 2535 1479 2588 est

318 2655 393 2698 cum
420 2644 591 2719 praecepto
614 2633 830 2698 Pentateuchi
851 2635 911 2698 Ex.
937 2641 988 2718 35,
1009 2643 1042 2698 3:
1076 2633 1207 2714 „Nolite
1228 2631 1340 2718 ignem
1362 2633 1475 2697 incen-

319 2739 395 2804 dere
423 2741 460 2804 in
489 2742 641 2806 omnibus
670 2742 785 2806 vestris
815 2741 988 2806 domiciliis
1016 2741 1070 2806 die
1092 2742 1251 2806 sabbati“.
1306 2741 1370 2806 Sed
1398 2721 1501 2804 licet*

319 2870 397 2913 sane
421 2849 519 2912 etiam
542 2849 588 2915 ita
609 2848 817 2934 interpretari
838 2848 954 2933 legem,
980 2859 1018 2913 ut
1041 2871 1079 2913 ea
1100 2849 1217 2914 vilium
1238 2858 1367 2914 tantum
1386 2847 1478 2912 cibo-

318 2979 391 3020 rum
413 2979 509 3021 usum
530 2958 597 3022 illis
619 2957 735 3021 diebus
756 2955 942 3040 permittere
964 2956 1124 3022 videatur.
1171 2959 1256 3021 Item
1283 2956 1480 3021 vestimenta

279 3127 281 3130 .
320 3075 446 3129 mutare
480 3076 537 3130 aut
570 3087 608 3130 ea
642 3066 682 3128 de
715 3085 812 3128 causa
844 3086 902 3128 rex
934 3075 1070 3148 vetatur,
1109 3076 1146 3130 ut
1179 3087 1275 3148 quam
1302 3065 1478 3154 minimum

320 3194 435 3257 operae
458 3173 493 3236 in
515 3171 719 3237 vestimentis
740 3171 916 3236 induendis
938 3172 1003 3236 illis
1027 3173 1143 3237 diebus
1170 3183 1388 3256 consumetur,
1419 3183 1479 3236 aut

320 3281 406 3362 quod
427 3303 495 3344 non
518 3281 631 3345 deceat
652 3279 855 3344 vestimentis
879 3279 1032 3365 deinceps
1050 3280 1200 3364 pluribus
1216 3281 1351 3345 fortasse
1367 3289 1500 3348 osten-.

319 3387 453 3452 tationis
476 3411 572 3453 causa
593 3405 628 3453 se
651 3409 776 3452 ornare.
821 3389 919 3452 Hanc
941 3409 1011 3452 esse
1032 3378 1164 3454 causam
1185 3387 1353 3453 interdicti
1380 3387 1476 3451 facile

319 3495 392 3578 quis
414 3497 589 3561 arbitretur
610 3496 767 3582 coargui,
795 3495 996 3579 quodetiam
1010 3496 1205 3560 vestimenta
1226 3496 1317 3560 alba
1337 3494 1475 3560 induere

319 3604 543 3669 interdicatur.
590 3605 636 3668 At
657 3604 756 3689 hujus
777 3603 826 3668 rei
848 3626 915 3667 non
936 3625 1069 3668 necesse
1092 3613 1141 3688 est
1163 3625 1234 3666 eam
1249 3626 1316 3668 esse
1333 3626 1474 3686 eausam,

322 3713 409 3794 quod
431 3712 522 3776 albae
546 3722 651 3778 vestes
674 3711 869 3797 insigniores
892 3721 926 3775 et
947 3709 1127 3775 festiviores
1154 3712 1237 3790 sint,
1270 3733 1367 3794 quam
1395 3734 1478 3795 quae

318 3819 450 3892 illorum
472 3819 599 3884 dierum
620 3830 755 3884 naturae
778 3819 984 3902 conveniant,
1010 3820 1066 3884 sed
1081 3819 1159 3885 licet
1173 3817 1343 3903 conjicere,
1366 3841 1499 3904 regem,

390 4062 412 4126 1)
431 4059 534 4113 lisdem
551 4059 634 4113 etiam
651 4058 878 4126 undevicesimus,
899 4059 1027 4130 quocirca
1044 4077 1106 4114 eum
1128 4077 1188 4115 non·
1206 4058 1297 4114 minus
1320 4064 1398 4114 recte
1417 4060 1478 4114 sab-

318 4148 414 4202 batum
430 4162 528 4201 vocare
546 4161 700 4216 possumus.
737 4145 829 4205 Quum
846 4153 938 4201 autem
955 4146 1044 4201 adhuc
1061 4145 1162 4211 lateat,
1187 4162 1269 4216 quam
1286 4145 1329 4200 ob
1352 4162 1410 4200 rem
1432 4146 1479 4202 hie

320 4233 378 4288 dies
396 4234 540 4288 sabbatum
557 4231 660 4286 factum
678 4231 729 4298 sit,
754 4248 804 4286 nee
822 4231 972 4302 quidquam
989 4231 1078 4286 simile
1096 4231 1169 4302 apud
1192 4232 1335 4287 Hebraeos
1358 4231 1480 4288 invenia-

317 4325 372 4384 tur,
394 4319 428 4372 de
444 4337 477 4373 eo
495 4336 551 4373 non
568 4316 684 4389 amplius
702 4334 821 4387 agamus.
