3276 5130
744 289 979 350 —104—

288 457 444 543 appellari
466 469 662 543 potuenmt,
697 477 761 541 quo
783 466 1057 542 cognoscerentur
1078 454 1221 519 Jehovae
1244 451 1384 518 cultores
1406 452 1449 514 ab

290 565 360 650 ipso
375 575 485 630 sancte
500 564 610 629 vivere
625 565 724 630 docti.
764 565 826 630 Illo
841 563 912 629 loco
926 563 1073 648 pergitur
1088 562 1202 645 (Exod.
1222 567 1272 640 31,
1295 561 1447 640 15-17):

290 673 368 737 Sex
390 671 538 737 diebus
560 672 769 757 negotium
792 671 955 752 iacitor,
982 670 1053 737 sed
1074 668 1245 754 septimo
1266 667 1331 732 die
1353 667 1450 730 sab-

288 781 445 860 batum,
495 778 582 844 dies
623 778 808 844 feriandi
852 778 1004 860 festus,
1052 799 1216 844 sacrum
1258 774 1449 840 Jehovae.

291 887 543 971 Quicumque
564 885 774 972 negotium
796 885 941 952 fecerit
964 887 1147 968 sabbato,
1177 883 1354 950 moritor.
1400 881 1451 944 Et

289 993 375 1058 filii
401 993 572 1060 Israelis
599 996 810 1058 sabbatum
842 1005 1046 1074 servanto,
1079 1004 1122 1058 ut
1149 1001 1331 1058 servetur
1357 989 1451 1053 sab-

289 1105 426 1172 batum
448 1102 552 1186 apud
575 1101 724 1186 stirpes
747 1121 881 1166 eorum
903 1100 1046 1166 foedus
1068 1111 1287 1166 aeternum.
1335 1098 1453 1160 Inter

290 1230 347 1272 me
370 1219 408 1272 et
430 1207 545 1273 filios
567 1208 736 1273 Israelis
763 1207 923 1292 signum
952 1219 1012 1272 est
1039 1207 1079 1272 in
1107 1217 1329 1284 aeternum,
1360 1224 1450 1267 nam

289 1336 356 1380 sex
390 1313 533 1386 diebus
561 1315 714 1380 lehova
747 1315 847 1380 fecit
875 1315 1029 1380 coelum
1057 1325 1095 1380 et
1120 1325 1266 1380 terram
1293 1323 1332 1378 et
1359 1333 1448 1395 sep-

288 1423 387 1486 timo
426 1421 551 1487 desiit
591 1433 629 1488 et
667 1421 858 1508 (respiravit)
902 1422 1118 1506 requievit.
1185 1423 1353 1486 Incertum
1383 1427 1442 1498 est,

289 1541 399 1594 utrum
420 1529 502 1594 haec
522 1532 622 1594 verba
643 1531 680 1594 iu
700 1529 784 1595 libro
806 1528 989 1596 sanctitatis
1010 1527 1149 1610 fuerint,
1180 1551 1221 1593 an
1246 1531 1286 1592 ab
1318 1548 1366 1606 eo,
1392 1523 1444 1608 qui

288 1635 543 1721 pentateuchum
566 1636 602 1700 in
624 1658 707 1718 eam,
733 1659 831 1721 quam
852 1659 943 1701 nunc
963 1637 1132 1717 habemus,
1157 1636 1295 1702 fonnem
1309 1630 1447 1716 redegit,

289 1743 341 1808 vel
363 1744 404 1808 ab
426 1742 490 1808 alio
512 1754 589 1807 ante
612 1765 688 1808 eum
715 1743 785 1808 sive
812 1756 886 1829 post
913 1765 989 1808 eum
1016 1743 1095 1808 huic
1121 1743 1187 1828 legi
1215 1741 1342 1826 adjecta
1370 1738 1450 1804 sint.

289 1852 411 1916 Versus
430 1858 467 1914 15
490 1872 510 1915 a
532 1850 687 1936 scriptore
709 1851 785 1916 libri
808 1850 971 1917 elohistioi
994 1853 1044 1934 (A,
1066 1851 1132 1935 PC)
1157 1849 1287 1914 videtur
1309 1847 1456 1932 scriptus

292 1979 371 2037 esse,
401 1965 439 2023 16
462 1969 496 2022 et
521 1964 557 2020 17
582 1967 691 2024 autem
715 1957 784 2042 ejus
807 1970 895 2024 certe
916 1980 984 2022 non
1006 1969 1092 2038 sunt,
1126 1979 1226 2040 quum
1256 1953 1455 2022 vocabulum

291 2060 384 2132 caru
414 2053 624 2150 „respiravit“
656 2066 695 2129 de
723 2067 796 2130 Deo
825 2065 951 2132 dictum
980 2089 999 2130 a
1027 2063 1264 2130 consuetudine
1293 2061 1459 2128 sermonis

291 2173 361 2258 ejus
381 2171 552 2257 discrepet,
576 2195 683 2256 neque
700 2172 779 2236 satis
794 2173 949 2238 credibile
972 2173 1027 2255 sit,
1052 2172 1087 2236 id
1108 2171 1286 2258 posteriore
1308 2181 1455 2254 tempore

290 2281 450 2346 insertum
480 2301 561 2344 esse.
608 2282 713 2344 Immo
737 2280 928 2345 memoriam
950 2281 1044 2346 affert
1070 2280 1134 2346 loci
1155 2279 1261 2346 Exod.
1280 2285 1332 2360 23,
1354 2283 1391 2340 12
1415 2276 1454 2340 in

289 2387 372 2452 libro
387 2386 540 2469 foederis,
565 2398 663 2470 atque
678 2387 712 2452 id
735 2387 844 2472 ipsum
858 2389 989 2453 videtur
1004 2389 1237 2453 documentum
1252 2407 1321 2451 esse
1337 2383 1457 2448 aetatis

290 2494 427 2574 nonita
448 2515 547 2560 serae.
589 2497 706 2579 Itaque
729 2495 890 2578 existimo,
915 2496 974 2561 hos
996 2517 1108 2560 versus
1130 2495 1166 2559 in
1187 2495 1308 2560 librum
1330 2492 1455 2560 sancti·

291 2603 367 2668 tatis
390 2602 528 2668 insertos
551 2623 621 2668 esse
644 2612 818 2686 antequam
841 2603 869 2666 is
891 2603 928 2668 in
949 2603 1071 2668 librum
1094 2602 1301 2668 elohistioum
1317 2603 1367 2684 (Α,
1385 2601 1457 2683 ΡΟ)

290 2721 439 2793 receptus
460 2708 514 2772 sit.

377 2817 584 2898 Quamquam
607 2815 762 2880 credibile
785 2830 844 2896 est,
872 2839 957 2899 eum,
977 2818 1034 2901 qui
1048 2819 1221 2882 sabbatum
1236 2816 1368 2903 signum
1383 2816 1459 2882 foe·

270 2924 378 2988 'deris
399 2923 543 2988 Jehovae
566 2944 640 2986 cum
663 2922 821 2988 Israelitis
844 2923 922 2994 facti
944 2936 1052 3008 vocat,
1083 2924 1171 2989 idem
1200 2924 1457 2989 admemoriam

292 3031 412 3116 quietis
433 3029 499 3095 Dei
520 3040 595 3114 post
615 3031 777 3094 mundum
801 3043 947 3096 creatum
969 3043 1082 3117 captae
1104 3032 1297 3098 servandam
1319 3031 1458 3096 institu-

293 3153 364 3204 tum
386 3136 599 3219 existimasse,
625 3159 726 3220 quum
749 3139 916 3204 Israelitae
939 3139 1072 3204 otiando
1098 3139 1241 3204 sabbatis
1268 3139 1456 3224 exemplum

293 3241 444 3310 divinum
477 3242 645 3308 imitantes
673 3245 738 3308 Dei
771 3245 912 3312 cultores
941 3268 976 3311 se
1008 3248 1219 3331 praeberent,
1254 3257 1384 3328 tamen,
1418 3257 1457 3310 ut

294 3352 419 3438 opinor,
444 3351 612 3416 neminem
633 3345 754 3436 fugiet,
775 3375 891 3438 parum
913 3376 982 3419 esse
1005 3352 1195 3435 verisimile,
1219 3354 1380 3419 rationem
1396 3353 1456 3418 otii

293 3457 451 3523 sabbatici
482 3479 524 3522 ex
559 3459 745 3524 narratione
782 3461 900 3526 mundi
933 3461 1147 3526 hebdomadis
1177 3462 1283 3546 spatio
1316 3459 1457 3528 confecti

293 3565 431 3652 petitam
452 3565 558 3650 primo
582 3588 650 3632 esse
671 3568 872 3653 propositam
893 3568 977 3654 lege,
1009 3591 1073 3652 qua
1095 3570 1267 3634 sabbatum
1289 3579 1456 3652 tamquam

293 3674 427 3758 signum
448 3672 562 3758 populi
583 3696 604 3746 a
625 3675 697 3738 Deo
719 3673 817 3740 electi
829 3675 1028 3761 imperatur.
1074 3676 1180 3742 Immo
1200 3676 1370 3761 probabile
1392 3686 1453 3756 est,

293 3802 334 3844 ex
355 3779 420 3844 alia
442 3781 514 3866 lege
529 3780 704 3858 sabbatim,
730 3781 817 3847 hanc
831 3783 892 3848 otii
906 3783 1058 3868 imperati
1073 3785 1234 3849 rationem
1248 3783 1456 3869 praecipuam

294 3888 347 3953 vel
369 3888 470 3954 solam
492 3898 702 3972 proponente,
731 3910 803 3952 eam
824 3889 861 3952 in
883 3889 968 3954 hanc
996 3890 1103 3976 legem
1133 3901 1299 3976 tamquam
1327 3889 1456 3956 addita·

292 4007 442 4061 mentum
471 4017 576 4082 paene
603 3995 805 4079 superfluum
834 4017 903 4070 esse
932 3998 1135 4064 translatam.
1188 3999 1321 4082 Itaque,
1354 4017 1457 4081 quum

293 4115 422 4187 praeter
443 4103 548 4168 Exod.
568 4110 619 4184 31,
641 4110 676 4166 17
700 4123 813 4166 versus
828 4103 932 4169 Exod.
952 4111 1004 4185 20,
1020 4113 1060 4169 'll
1086 4105 1175 4172 solus
1191 4105 1282 4170 illam
1297 4103 1457 4170 rationem

293 4210 458 4292 exhibeat,
485 4211 513 4276 is
535 4209 625 4295 prius
647 4210 786 4295 scriptus
801 4211 1046 4276 existimandus
1069 4225 1117 4278 est
1137 4233 1234 4296 quam
1250 4211 1317 4278 ille.
1356 4210 1460 4276 Nulla
