3276 5130
617 373 831 434 ..97-

137 547 279 624 ponunt.
326 538 375 602 Ac
395 538 534 604 minime
555 543 739 626 putandum
761 555 819 623 est,
847 542 1037 629 scriptorem
1052 547 1303 612 Deuteronomii

138 647 226 712 hanc
248 644 369 710 dixisse
391 647 568 728 rationem,
597 648 675 731 quia
696 649 832 714 alteram
853 672 921 715 non
943 650 1088 717 noverit:
1121 653 1180 718 sed
1202 655 1300 737 quod,

138 777 243 838 quum
264 752 484 818 misericordia
506 765 688 820 commotus
710 759 808 822 verba
831 768 889 835 „ut
903 757 1085 842 requiescat
1099 781 1211 824 servus
1228 751 1304 826 tuus

139 872 174 928 et
203 860 324 925 ancilla
352 871 410 925 tua
439 861 525 926 sicut
550 867 619 942 tu“,
654 863 848 948 scripsisset,
883 874 922 929 ut
957 864 1037 929 alibi
1066 865 1113 931 ita
1141 866 1204 932 boc
1232 867 1303 932 loco

138 967 261 1054 adjecit
296 967 572 1050 cohortationem,
611 979 649 1034 ut
684 971 850 1036 servitutis
887 972 1107 1057 Aegyptiacae
1143 951 1302 1039 memores

139 1087 268 1156 essent,
315 1076 405 1140 unde
442 1075 526 1140 ratio
566 1075 624 1142 illa
663 1077 722 1142 otii
761 1066 939 1160 sabbatici,
982 1090 1020 1143 ut
1052 1092 1303 1146 monumentum

138 1193 226 1250 esset
252 1182 472 1264 liberationis,
506 1173 765 1268 consequebatur
776 1188 797 1250 ¹.
850 1171 956 1251 Nobis
984 1208 1062 1252 sane
1090 1187 1193 1252 altera
1220 1189 1303 1253 ratio

137 1292 245 1356 multo
287 1290 415 1376 gravior
455 1291 601 1370 videtur,
644 1291 721 1374 quia
758 1293 801 1357 ad
835 1314 948 1358 omnes
980 1294 1131 1360 homines
1165 1307 1300 1381 spectat,

138 1422 178 1465 ea
206 1420 295 1480 vero,
330 1419 429 1482 quam
451 1387 746 1464 Deuteronomimu
767 1399 881 1481 babet,
915 1403 957 1466 ad
979 1401 1144 1466 Israelitus
1174 1413 1304 1467 tantum

136 1508 294 1592 pertinet.
340 1507 406 1572 Sed
433 1507 521 1591 apud
549 1527 604 1571 eos
625 1505 717 1570 illam
737 1505 813 1591 plus
834 1508 1037 1573 auctoritatis
1059 1508 1213 1574 habuisse
1235 1530 1303 1574 non

138 1613 317 1679 verisimile
340 1623 402 1694 est,
435 1613 554 1696 quibus
575 1635 627 1678 res
650 1614 797 1678 omnium
819 1615 1010 1700 gravissima
1031 1626 1112 1696 erat,
1144 1615 1303 1680 Jchovam

138 1721 286 1807 ipsorum
318 1741 388 1786 esse
429 1721 541 1802 deum,
583 1719 724 1804 ideoque
755 1721 958 1788 liberationis
992 1723 1107 1808 populi
1147 1723 1303 1788 servitute

137 1828 343 1915 Aegyptiace
377 1828 523 1914 oppressi
559 1828 717 1892 memoria
755 1827 888 1913 majoris
926 1829 1085 1894 momenti
1117 1829 1300 1910 videbatur,

140 1959 240 2021 quam
262 1934 379 2000 mundi
402 1935 514 2017 creati,
539 1943 572 2000 et
594 1935 651 2018 qui
672 1958 715 2001 ne
736 1947 810 2020 post
832 1935 1001 2001 Christum
1023 1936 1157 2022 quidem
1179 1947 1303 2002 statue-

137 2057 227 2126 runt,
254 2045 389 2108 sabbata
410 2042 563 2108 omuibus
584 2042 714 2128 populis
741 2044 943 2108 observanda
972 2045 1077 2108 essel.
1123 2042 1299 2123 Israelitas,

141 2152 197 2235 qui
219 2150 351 2236 septimi
373 2150 532 2235 cujusque
554 2150 622 2214 diei
644 2148 853 2215 sanctitatem
879 2150 988 2234 quiete
1010 2150 1075 2214 Dei
1101 2159 1176 2234 post
1205 2171 1305 2214 mun-

141 2261 220 2324 dum
235 2279 294 2324 sex
308 2257 424 2322 dielms
443 2267 587 2322 creatum
602 2256 750 2322 effectam
772 2279 843 2322 esse
865 2257 1049 2352 credebant,
1076 2255 1175 2321 simul
1198 2257 1303 2322 credi-

142 2367 240 2448 disse,
264 2365 392 2431 sabbati
407 2364 667 2430 observationem
681 2363 746 2428 Dei
761 2364 891 2429 decreto
906 2375 978 2448 post
993 2364 1080 2449 ipsos
1097 2385 1138 2428 ex
1151 2365 1302 2448 Aegypto

141 2495 283 2561 egressos
306 2472 492 2538 institutam
515 2493 596 2551 esse,
629 2471 774 2557 profecto
803 2491 871 2535 non
902 2471 1012 2534 minus
1041 2469 1208 2556 probabile
1239 2481 1298 2547 est,

141 2603 239 2666 quam
260 2581 348 2664 quod
369 2578 470 2644 simul
490 2578 650 2644 Jehovam
676 2578 760 2644 coeli
786 2589 820 2643 et
846 2589 950 2643 terrae
978 2578 1163 2643 effectorem
1191 2577 1303 2642 crede-

139 2692 219 2754 bant
240 2699 273 2754 et
296 2687 373 2753 deos
395 2687 534 2751 aliarum
554 2687 732 2752 nationum·
750 2707 825 2750 vere
852 2685 930 2750 deos
958 2706 1029 2750 esse
1058 2683 1298 2758 existimabant,

137 2819 238 2884 quam
252 2795 429 2860 multorum
443 2794 633 2879 opinionem
655 2793 756 2858 fuisse
779 2814 820 2858 ex
840 2791 991 2877 pluribus
1007 2793 1081 2858 Vct.
1099 2792 1302 2858 Testamenti

134 2905 218 2972 locis
240 2903 477 2989 cognoscimus.
841 2972 845 2978 ¹

226 3010 495 3075 Enunbationem
516 3010 621 3074 Exod.
639 3016 691 3092 20,
715 3017 749 3072 ll
774 3029 846 3073 sero
867 3007 904 3072 in
925 3006 1119 3092 decalogum
1139 3017 1303 3090 receptam

139 3137 228 3192 esse,
256 3115 354 3179 ctiam
375 3137 414 3180 eo
435 3116 566 3200 probari
588 3114 682 3199 ajunt
703 3115 766 3178 viri
788 3115 895 3196 docti,
926 3114 1013 3197 quod
1044 3124 1120 3178 ante
1149 3110 1303 3176 exsilium

141 3220 381 3305 Babylonicum
399 3220 566 3286 Israelitae
581 3221 689 3284 Deum
710 3241 769 3286 sex
790 3220 907 3284 diebus
922 3219 1037 3284 iecisse
1059 3219 1220 3282 mundum
1234 3240 1302 3282 non

140 3326 351 3394 crediderint.
397 3327 437 3391 Id
466 3327 523 3408 qui
544 3335 684 3410 ponunt,
714 3325 836 3390 librum
864 3324 1072 3390 elobisticum
1106 3325 1145 3408 (A
1167 3325 1236 3390 sive
1258 3326 1296 3408 Q)

139 3445 215 3520 post
251 3432 403 3500 exsilium
439 3444 496 3498 aut
531 3432 567 3495 in
610 3431 726 3496 exsilio
767 3431 924 3516 scriptum
969 3451 1039 3495 esse
1083 3433 1298 3497 contendunt.

140 3544 250 3612 Quam
272 3540 404 3626 quidem
425 3561 494 3605 rem
515 3539 579 3604 hoc
599 3537 671 3603 loco
691 3538 887 3603 'examinare
915 3537 1052 3622 longum
1080 3550 1147 3604 est:
1179 3541 1238 3605 sed
1265 3551 1303 3604 ut

139 3649 187 3714 ita
209 3649 253 3714 sit
274 3647 549 3734 quemadmodum
571 3645 621 3710 illi
636 3645 763 3727 dicunt,
789 3641 899 3711 tamen
914 3667 981 3710 non
996 3643 1143 3730 cogimur
1157 3648 1297 3727 credere,

138 3778 191 3822 res
214 3756 320 3842 capite
341 3756 359 3820 I
380 3756 549 3822 Geneseos
571 3764 716 3819 namtas
738 3753 896 3819 Israelitis
918 3764 1015 3818 antea
1036 3753 1165 3840 ignotas
1187 3753 1297 3834 fuisse,

138 3885 201 3930 nec
236 3861 447 3948 prohibemur
482 3861 657 3946 quominus
693 3861 905 3943 arbitremur,
945 3861 1052 3947 legem
1087 3860 1298 3940 sabbaticam,

139 3970 245 4056 qualis
272 3969 310 4033 in
338 3969 422 4034 libro
444 3969 551 4034 Exodi
581 3969 712 4056 legitur,
744 3957 973 4054 perantiqiram
1003 3991 1083 4034 esse.
1137 3968 1212 4032 Non
1241 3988 1301 4029 ne-

138 4078 338 4164 glegendum
360 4089 418 4158 est,
445 4075 556 4162 plures
586 4077 622 4140 in
651 4099 690 4141 ea
718 4099 769 4142 res
803 4076 876 4142 aliis
905 4075 1071 4142 vocabulis
1101 4073 1301 4160 significatos

211 4235 232 4296 l)
250 4230 292 4286 Oi.
310 4231 394 4287 etism
411 4231 519 4286 Marti
536 4230 566 4284 in
583 4231 694 4286 Jatrob.
708 4232 739 4300 s.
755 4238 868 4303 protest.
893 4230 981 4285 Theol.
999 4227 1039 4282 VI
1056 4244 1116 4300 pag.
1130 4229 1181 4280 329
1193 4243 1234 4297 sq.

209 4319 233 4382 ²1
254 4314 393 4380 selden,
414 4315 448 4371 da
462 4316 527 4388 jure
545 4323 634 4370 natur.
652 4325 680 4370 et
697 4316 823 4386 gentium
836 4316 919 4386 juxta
937 4314 1003 4368 disc.
1022 4313 1096 4378 Ebc,
1118 4330 1144 4384 p.
1157 4313 1209 4364 ‘33³
1222 4327 1263 4383 sq.

192 4418 272 4468 bota,
286 4417 380 4461 historie
394 4419 488 4461 sabbati.
1079 4419 1094 4468 ἵ
