3276 5130
612 331 827 392 ..59-

220 506 298 568 Hos
322 504 403 585 dies,
429 513 564 587 excepto
585 501 643 566 illo
665 523 741 582 uno,
769 501 822 564 die
844 501 968 567 mensis
987 503 1101 580 XIX0,
1127 522 1194 563 non
1216 500 1298 564 forte

133 635 251 678 senum
276 613 406 676 dierum
435 608 540 694 spatio
563 609 718 672 discretos
741 629 810 673 esse
832 619 935 693 paret,
958 632 1020 673 nec
1043 608 1213 691 quisquam
1236 609 1298 671 du-

132 720 236 799 bitet,
264 720 350 804 quin
370 741 439 783 non
461 715 596 780 fortuito
619 715 643 778 ii
666 715 729 800 ipsi
756 715 824 780 sint
851 716 921 780 dies
952 715 1124 800 gasmait,
1160 737 1298 798 quorum

133 827 268 892 numeri
292 848 432 891 numero
454 822 639 909 septenario
661 822 708 886 ita
723 823 827 887 dividi
841 823 977 908 possint,
1002 832 1040 886 ut
1052 817 1216 907 reliquum
1229 844 1298 887 non

134 935 187 999 sit.
240 935 358 1000 Possit
386 955 464 998 sane
493 931 566 1014 quis
595 930 770 1015 suspicari,
801 930 838 994 in
865 931 991 995 Elulo
1023 940 1151 995 tantum
1183 929 1297 1014 (primo

133 1045 272 1108 fortasse
306 1052 339 1106 et
366 1041 476 1120 altero)
512 1037 688 1123 septimum
717 1047 778 1104 etc.
812 1039 882 1102 dics
917 1037 1018 1102 fuisse
1052 1038 1224 1122 .ζιιιῖ..9ᾰὶ.,
1261 1037 1297 1102 in

133 1152 207 1216 aliis
230 1160 347 1215 autem
368 1147 535 1212 mensibus
557 1146 654 1226 alios,
693 1148 780 1229 quod
808 1146 1007 1210 credendum
1032 1145 1092 1227 sit,
1124 1145 1198 1209 illos
1227 1145 1296 1210 dies

134 1261 180 1323 ita
202 1259 311 1322 fuisse
333 1255 525 1340 dispositos,
550 1264 676 1318 utnon
698 1255 794 1318 modo
816 1252 853 1335 ii,
878 1253 935 1338 qui
957 1253 1056 1317 unius
1079 1253 1199 1318 mensis
1221 1253 1298 1316 fini-

132 1369 196 1430 bus
219 1362 459 1447 circumscripti
481 1371 606 1443 essent,
631 1361 689 1426 sed
711 1362 878 1426 edanum
900 1384 1012 1425 omnes
1033 1384 1150 1426 senum
1172 1361 1298 1425 dierum

133 1474 241 1559 spatio
281 1473 554 1538 discernerentur.
605 1470 819 1553 Sequeretur,
850 1479 888 1533 ut
918 1469 1041 1534 mensis
1070 1469 1197 1533 Tischri
1227 1470 1296 1533 dies

135 1582 275 1665 quintus
309 1589 343 1644 et
372 1577 583 1643 duodecimus
617 1587 680 1641 etc.
716 1588 826 1642 essent
853 1577 923 1642 dies
954 1578 1112 1663 palpet.
1145 1587 1206 1642 etc.
1253 1579 1298 1641 At

135 1689 217 1752 huic
252 1687 401 1772 opinioni
434 1689 565 1750 obstant
599 1687 682 1750 duae
710 1685 870 1750 rationes:
902 1685 1022 1771 prima,
1054 1686 1141 1769 quod
1170 1685 1298 1750 dierum

137 1797 218 1860 anni
240 1795 367 1859 lunaris
394 1815 549 1857 numerus
572 1793 656 1878 (354)
691 1794 873 1878 septenario
902 1815 1039 1858 numero
1068 1816 1136 1858 non
1164 1794 1298 1858 omnino

138 1913 247 1987 potest
269 1901 383 1982 dividi,
410 1901 526 1981 altera,
552 1902 639 1984 quod
661 1901 748 1966 idem
770 1923 931 1965 annorum
953 1901 1154 1964 diversorum
1176 1899 1298 1964 mensis

140 2011 238 2074 modo
259 2009 396 2094 triginta
416 2009 513 2072 modo
535 2009 761 2094 undetriginta
783 2009 910 2072 dierum
925 2017 975 2072 est
989 2009 1038 2090 (ut
1052 2030 1149 2092 supra
1164 2009 1299 2072 demon-

143 2118 243 2182 stravi
263 2140 336 2202 pag.
359 2117 424 2200 38).
470 2117 615 2199 Utraque
637 2138 682 2197 re,
709 2115 738 2181 si
760 2138 836 2179 vera
858 2127 943 2180 esset
965 2117 1027 2180 ista
1049 2116 1174 2200 opinio,
1201 2115 1298 2180 effec-

147 2235 217 2288 tum
237 2235 335 2306 esset,
359 2234 398 2288 ut
420 2223 556 2288 diversis
579 2224 675 2288 annis
699 2223 819 2288 diversi
841 2225 1019 2289 eorundem
1042 2223 1205 2288 mensium
1228 2221 1298 2287 dies

149 2341 254 2394 essent
277 2331 446 2416 belgit,
472 2353 573 2414 quum
596 2331 688 2396 fastis
712 2354 792 2415 quos
818 2332 976 2397 habemus
1003 2331 1202 2416 perennibus
1229 2354 1298 2395 non

150 2437 309 2522 potuerint
338 2439 402 2503 nisi
435 2439 649 2503 anniversarii
678 2439 748 2504 dies
777 2439 922 2504 inscribi.
976 2441 1092 2522 Itaque
1121 2438 1293 2519 credimus,

150 2545 396 2631 uniuscujusque
419 2546 540 2611 mensis
562 2547 649 2611 diem
670 2547 785 2629 Vllum,
802 2549 933 2627 XIVflm,
952 2549 1087 2630 XXIW,
1105 2548 1297 2612 XXVIII¹¹¹¹¹

145 2653 242 2719 fuisse
263 2658 336 2718 sim.
363 2654 524 2739 ‚palpet
537 2657 559 2718 ¹.
985 2635 990 2642 ³

224 2764 298 2826 Hos
321 2761 391 2826 dies
413 2771 480 2826 tam
503 2761 661 2847 insignes,
686 2783 803 2826 senum
824 2763 1016 2848 plerumque
1045 2763 1171 2827 dierum
1194 2763 1299 2848 spatio

141 2869 361 2954 praeterlapso
383 2878 582 2934 revertentes
612 2892 686 2934 cum
708 2869 983 2953 hebdomadibus,
1017 2870 1135 2953 quibus
1157 2871 1299 2956 Babylo-

138 2977 212 3042 nios
233 2999 310 3042 usos
333 2999 403 3040 esse
425 2975 659 3058 existimamus,
691 3000 854 3044 connexos
877 2979 978 3044 fuisse
1000 3001 1057 3063 pro
1087 2989 1175 3043 certo
1197 2979 1299 3042 habe-

137 3107 224 3149 mus.
271 3082 460 3148 Verisimile
482 3094 542 3166 est,
569 3107 623 3150 eos
644 3095 820 3170 postremos
842 3088 1084 3152 hebdomadum
1098 3085 1168 3150 dies
1182 3085 1295 3150 fuisse.

136 3191 372 3255 Hebdomades
396 3191 497 3277 igitur
517 3193 730 3277 babylonicae
756 3194 803 3258 ita
824 3195 1021 3259 constitutae
1043 3203 1144 3274 erant,
1169 3201 1208 3256 ut
1229 3191 1297 3256 sin-

134 3297 210 3384 guli
247 3307 306 3362 aut
340 3297 412 3362 bini
444 3299 609 3364 mensium
645 3300 715 3364 dies
748 3301 1055 3366 duodetricesimum
1088 3301 1298 3384 insequentes

134 3405 275 3471 omnino
288 3406 550 3492 neglegerentur,
575 3418 613 3472 ut
627 3407 850 3492 impediretur,
870 3409 1044 3492 quominus
1058 3407 1298 3472 hebdomadum

134 3513 239 3578 series
268 3537 288 3578 a
314 3513 412 3579 lunae
440 3515 605 3580 luminum
638 3515 752 3580 ordine
778 3515 911 3580 omnino
941 3515 1132 3581 discederet.
1183 3517 1298 3598 Itaque

212 3704 233 3768 l]
256 3701 372 3756 Accedit
388 3703 450 3767 hoc,
471 3705 546 3774 quod
563 3723 649 3777 nuper
662 3704 783 3776 Theoph.
796 3704 949 3762 Pinches
966 3723 1071 3761 mecum
1082 3705 1299 3762 communicavit.

136 3786 261 3843 Tabulae
278 3787 318 3841 IV
330 3787 357 3840 R
370 3791 411 3844 32.
426 3792 458 3844 33
477 3791 629 3863 exscriptae
646 3790 737 3846 lineae
748 3790 851 3846 multae
864 3799 928 3846 sunt
940 3790 1053 3847 deletae.
1077 3792 1153 3853 Quos
1165 3793 1197 3848 G.
1210 3791 1299 3846 Smith

137 3873 263 3928 restituit
280 3874 444 3946 comparatis
461 3875 624 3947 fragmentis
641 3876 797 3933 tabularum
814 3878 948 3932 mensium
966 3877 1083 3932 aliorum
1099 3877 1185 3932 fastos
1194 3877 1298 3933 haben-

137 3959 224 4025 tium,
252 3977 336 4030 quum
353 3960 480 4015 omnibus
499 3961 661 4034 fragmentis
679 3963 884 4035 circumspectis
908 3963 962 4019 sibi
989 3963 1066 4018 visus
1094 3963 1132 4018 sit
1154 3980 1295 4033 cognosse,

138 4045 250 4101 eosdem
267 4045 388 4100 omnium
398 4046 534 4102 mensium
546 4048 605 4104 dies
617 4049 741 4120 ejusdem
753 4049 861 4120 generis
873 4049 958 4104 festos
969 4049 1056 4104 fuisse
1074 4055 1102 4103 et
1113 4048 1211 4103 iisdem
1222 4066 1298 4120 prae-

139 4131 227 4204 ceptis
244 4148 265 4188 s.
283 4130 379 4187 vetitis
398 4131 551 4188 distinctos.
587 4133 675 4206 Cujus
693 4135 805 4205 quidem
822 4135 974 4190 sententiae
998 4153 1053 4190 non
1070 4152 1154 4206 parve
1171 4141 1214 4189 est
1229 4135 1298 4190 veri·

138 4217 292 4273 similitudo
311 4219 354 4284 (cf.
373 4235 443 4288 quae
460 4235 542 4290 supra
554 4219 614 4274 adl
630 4222 669 4274 11.
685 4222 723 4274 16.
741 4221 807 4276 115.
825 4221 916 4276 11122
935 4219 1108 4285 notavimus).
1138 4220 1206 4274 Inde
1219 4219 1299 4276 colli-

137 4303 267 4374 gendum,
288 4303 370 4358 etiam
387 4303 447 4358 diss
467 4305 598 4376 ncipit.
619 4305 728 4361 eosdem
746 4305 832 4361 fuisse
850 4305 970 4360 omnium
987 4305 1121 4360 meusium
1138 4305 1205 4360 dies.
