3276 5130
826 363 1040 426 ..60-

353 533 572 597 hebdomades
595 531 852 616 Babyloniorum
875 531 966 615 quasi
989 532 1115 596 mediae
1145 541 1239 596 erant
1268 531 1353 596 inter
1379 531 1514 594 lunares

354 649 388 704 et
408 640 599 704 sabbaticus,

438 749 688 812 Hebdomadem
710 747 858 812 lunarem
887 746 1025 832 primam
1054 757 1087 812 et
1116 747 1292 812 secundam
1322 756 1356 811 et
1381 746 1516 812 tertiam

354 853 610 938 uniuscujusque
639 855 760 919 mensis
791 854 832 920 iis
862 853 977 919 diebus
1005 853 1095 918 finiri
1130 876 1262 919 necesse
1293 864 1359 936 est,
1392 835 1515 938 quibus

353 962 432 1026 luna
454 971 511 1026 aut
532 961 629 1046 plena
658 971 717 1027 aut
739 963 910 1028 dimidiata
935 962 1092 1046 (crescens
1122 973 1179 1028 aut
1205 963 1404 1045 decrescens)
1432 983 1515 1027 con-

354 1070 505 1155 spicitur,
529 1069 563 1134 h.
582 1092 610 1134 e.
636 1069 690 1134 die
712 1069 860 1156 septimo,
885 1071 993 1152 x1v0,
1017 1071 1117 1134 ΧΧΙο
1139 1069 1192 1134 vel
1209 1071 1338 1151 XXH0,
1364 1079 1515 1152 quartam

353 1188 464 1242 autem
492 1178 598 1262 pridie
628 1199 730 1242 novae
760 1178 869 1242 lunae.
915 1180 1031 1262 Itaque
1053 1179 1159 1262 prima
1187 1177 1320 1262 quidem
1347 1177 1465 1261 incipit
1494 1200 1514 1240 a

353 1307 438 1349 nova
459 1285 550 1366 luna,
576 1307 639 1368 qua
661 1285 782 1350 mensis
804 1283 937 1349 initium
960 1285 1181 1366 constituitur,
1207 1285 1306 1350 ceteri
1321 1295 1430 1350 autem
1446 1296 1514 1350 tres

353 1416 420 1457 una
442 1415 518 1458 cum
548 1391 664 1457 ceteris
692 1393 877 1478 insignibus
906 1392 1005 1458 lunae
1031 1393 1143 1458 formis
1171 1393 1314 1477 incipere
1341 1415 1410 1457 uon
1438 1414 1513 1476 pos-

354 1510 440 1584 sunt,
468 1499 544 1583 quia
565 1499 645 1564 luna
666 1500 763 1585 plena
784 1521 852 1564 non
874 1510 989 1584 quarto
1018 1501 1145 1566 decimo
1175 1501 1233 1564 sed
1261 1500 1357 1565 tertio
1386 1500 1512 1564 decimo

355 1609 408 1672 die
430 1617 505 1693 post
526 1630 644 1672 novam
665 1608 779 1673 lunam
801 1619 945 1692 apparet,
970 1606 1035 1672 nisi
1057 1608 1140 1673 forte
1162 1617 1219 1672 aut
1240 1631 1298 1693 pro
1319 1629 1417 1688 nova,
1434 1607 1509 1670 luna

356 1716 478 1780 coitum
497 1715 594 1781 lunae
618 1727 650 1781 et
671 1717 748 1781 solis
769 1717 876 1801 (quem
897 1715 995 1779 hodie
1017 1737 1135 1780 novam
1157 1715 1270 1780 lunam
1291 1714 1507 1800 appellant-

355 1822 618 1888 astronomiaeder
639 1824 815 1906 Neamoud)
843 1823 1032 1902 substituis,
1064 1833 1102 1887 ut
1132 1822 1201 1888 dies
1225 1845 1287 1906 quo
1309 1824 1390 1887 luna
1412 1831 1446 1885 et
1467 1821 1514 1886 sol

356 1941 476 1996 coeunt
499 1933 575 2015 (uo'n
597 1931 645 2013 is,
671 1952 734 2013 quo
756 1933 835 1997 luna
856 1955 941 1997 nova
963 1935 1105 2016 apparet)
1132 1931 1254 1996 mensis
1283 1929 1515 1995 hebdomadis·
1619 1993 1620 2004 ,

357 2061 419 2122 que
441 2039 566 2124 primus
588 2061 626 2102 ac
648 2039 716 2104 dies
738 2040 836 2104 lunae
855 2040 971 2124 plenae
995 2038 1128 2122 quintus
1145 2039 1290 2104 decimus
1305 2038 1428 2104 mensis
1445 2038 1516 2102 dies

355 2146 417 2230 sit,
449 2157 507 2211 aut
532 2146 670 2232 primam
700 2148 822 2213 mensis
850 2147 1089 2212 hebdomadem
1117 2168 1174 2211 sex
1202 2146 1345 2228 dierum,
1379 2146 1517 2210 alteram

355 2264 388 2320 et
408 2255 539 2320 tertiam
562 2265 754 2340 septenum,
779 2265 927 2339 quartam
948 2275 1066 2319 novem
1089 2264 1147 2318 aut
1169 2255 1281 2318 decem
1303 2276 1372 2318 esse
1394 2253 1514 2337 placet.

355 2364 419 2428 Sed
441 2384 549 2447 neque
571 2362 633 2427 hoc
655 2384 761 2446 neque
784 2363 868 2427 illud
896 2362 957 2426 ulli
986 2362 1108 2448 populo
1135 2360 1296 2446 placuisse
1325 2359 1514 2439 verisimile,

353 2469 546 2554 Babyloniis
568 2480 722 2534 neutrum
744 2470 903 2556 placuisse
926 2481 1050 2536 certum
1072 2480 1131 2552 est,
1158 2469 1215 2552 qui
1236 2469 1378 2553 primum
1393 2467 1517 2532 mensis
1619 2523 1620 2536 ,

354 2578 442 2641 diem
463 2580 681 2642 numerabant
703 2600 795 2659 eum,
827 2600 891 2662 quo
913 2578 1027 2642 lunam
1049 2600 1168 2643 novam
1196 2586 1305 2642 essent
1332 2575 1450 2656 visuri,
1483 2585 1518 2638 et
1619 2631 1620 2652 ,

356 2685 474 2768 quibus
508 2693 547 2747 ut
579 2685 685 2768 prima
710 2685 888 2749 hebdomas
918 2686 964 2749 ita
992 2685 1093 2750 altera
1123 2695 1247 2770 septem
1275 2683 1402 2748 dierum
1431 2693 1513 2746 erat.

354 2794 429 2856 Hae
450 2791 552 2877 igitur
575 2793 657 2855 duae
680 2790 901 2855 hebdomades
923 2813 997 2856 vere
1011 2792 1142 2856 lunares
1157 2802 1295 2876 possunt
1310 2791 1385 2872 dici,
1413 2813 1517 2874 quum

358 2900 455 2964 tertia
478 2921 590 2964 eorum
611 2899 785 2982 mensium,
812 2921 951 2984 quorum
974 2899 1060 2964 inter
1081 2901 1194 2964 lunam
1216 2900 1347 2984 plenam
1369 2909 1402 2964 et
1417 2897 1519 2961 dimi-
1619 2979 1620 2982 Ἴ

358 3009 481 3073 diatam
503 3018 574 3072 octo
598 3007 666 3072 dies
687 3018 780 3072 erant
795 3007 990 3092 interpositi,
1016 3017 1049 3070 et
1063 3007 1210 3071 omnium
1225 3007 1388 3071 mensium
1403 3016 1519 3088 quarta
1619 3053 1620 3056 η

356 3116 526 3180 lunaribus
542 3115 801 3180 hebdomadibus
817 3110 972 3200 dispares,
990 3115 1149 3200 neglectis
1171 3115 1269 3180 lunae
1291 3112 1414 3192 formis,
1440 3113 1519 3177 solis
1619 3103 1620 3148 ³

360 3223 503 3289 sabbatis
525 3233 598 3308 post
620 3245 715 3288 senos
738 3222 807 3287 dies
828 3223 1066 3288 revertentibus
1089 3223 1286 3288 constitutae
1307 3221 1442 3286 fuerint.

444 3330 530 3396 Satis
552 3331 719 3416 probabile
743 3340 801 3413 est,
835 3331 1054 3395 hebdomades
1076 3330 1149 3396 illas
1171 3330 1379 3415 babylonicas
1402 3350 1444 3392 ex
1464 3328 1519 3392 lu·
1619 3329 1620 3332 ’

355 3439 489 3503 naribus
513 3460 581 3504 esse
604 3449 701 3520 ortas,
727 3449 761 3503 et
782 3437 853 3523 ejus
874 3437 923 3502 rei
946 3459 1042 3502 causa
1064 3461 1132 3502 non
1154 3440 1284 3504 videtur
1304 3437 1371 3502 nisi
1399 3437 1519 3500 sabba-

358 3557 465 3611 torum
494 3557 612 3611 natura
640 3545 757 3628 fuisse,
788 3569 885 3630 quac,
923 3547 1029 3629 quoad
1057 3545 1143 3610 intra
1176 3545 1297 3610 mensis
1331 3546 1413 3608 fines
1446 3543 1518 3606 fieri
1619 3609 1620 3614 ,

359 3663 485 3740 posset,
517 3654 655 3737 septimo
685 3676 812 3737 quoque
840 3655 892 3718 die
921 3653 1041 3718 reverti
1073 3676 1169 3738 quarn
1192 3676 1211 3716 a
1232 3653 1330 3715 lunae
1352 3651 1518 3714 luminum

358 3761 514 3826 varietate
535 3762 676 3845 pendere
698 3761 873 3846 Babylonii
895 3761 1082 3826 maluerint.

442 3871 517 3934 Jam
538 3868 632 3934 nobis
655 3869 788 3933 offertur
811 3869 976 3952 quaestio,
1009 3891 1088 3951 qua
1116 3891 1158 3933 re
1186 3865 1353 3933 adducti
1381 3869 1520 3960 Baby-

358 3977 471 4042 lonii
492 3975 550 4041 illa
572 3978 745 4041 sabbata
767 3977 1048 4076 instituerint.

782 4258 1087 4268 -——-—--.-.---
