3310 5126
751 777 1070 848 Adnotationes.

403 959 486 1014 Forte
505 958 619 1025 accidit,
647 964 678 1011 ut
701 957 804 1012 mensis
828 957 998 1013 intercalaris
1022 957 1105 1012 Uzitta
1122 955 1236 1010 alterius
1252 955 1318 1010 fasti
1335 955 1415 1010 nobis
1434 971 1494 1009 ser-

334 1052 477 1110 varentur,
503 1062 588 1115 quum
611 1050 762 1098 ceterorum
783 1045 918 1098 mensium
939 1042 1101 1108 interirent,
1131 1042 1205 1113 quod
1227 1041 1338 1112 quidem
1360 1058 1493 1113 perquam

335 1131 482 1186 dolendum
499 1138 548 1184 est.
582 1131 655 1184 Nam
673 1130 697 1183 ai
714 1129 841 1184 omnibus
858 1130 997 1184 mensibus
1014 1130 1133 1184 tricenos
1151 1127 1210 1182 dies
1223 1127 1372 1182 attributos
1382 1127 1494 1181 videre-

334 1233 403 1283 mus,
421 1217 481 1288 jam
492 1235 548 1270 non
560 1222 632 1270 esset
650 1215 772 1280 dubium,
787 1215 839 1270 hos
851 1215 937 1272 fastos
949 1216 984 1270 ad
996 1232 1088 1270 omnes
1101 1232 1188 1269 annos
1199 1231 1259 1269 osae
1270 1220 1349 1284 aptos
1366 1216 1407 1278 ί-
1418 1211 1494 1265 idem
1537 1222 1543 1232 ’

333 1302 435 1356 mensis
452 1301 537 1356 altero
555 1320 626 1355 anno
644 1301 767 1371 triginta,
788 1301 875 1356 altero
900 1301 1086 1371 undetriginta
1103 1300 1210 1354 dierum
1230 1315 1289 1354 esse
1313 1297 1417 1352 solebat
1433 1303 1490 1364 -J,

335 1405 419 1457 quum
436 1387 467 1442 in
484 1387 564 1442 fastis
582 1387 618 1440 ad
634 1405 720 1441 unum
736 1394 844 1441 tantum
860 1405 963 1441 annum
980 1385 1162 1440 accomodatis
1179 1402 1227 1440 sex
1244 1391 1292 1438 aut
1304 1383 1401 1438 saltem
1413 1383 1493 1454 quin-

334 1490 388 1543 que
404 1490 511 1528 menses
529 1473 737 1528 undetricenum
754 1473 861 1528 dierum
884 1490 943 1528 esse
966 1488 1076 1526 neeesse
1100 1477 1179 1526 esset.
1221 1469 1275 1524 Sed
1298 1470 1351 1525 etsi
1372 1487 1427 1524 non
1451 1475 1493 1523 est

332 1558 415 1630 plano
433 1559 656 1623 demonstratum,
675 1557 904 1614 verisimillimum
922 1564 994 1612 certe
1012 1565 1062 1625 est,
1083 1557 1118 1612 ad
1135 1574 1228 1612 omnes
1245 1573 1332 1610 annos
1342 1556 1394 1610 hos
1405 1555 1493 1608 fastos

332 1645 479 1716 pertinere,
500 1662 585 1715 quum
601 1661 690 1714 neque
713 1645 743 1699 in
763 1644 844 1698 initio
868 1661 957 1714 neque
981 1643 1010 1699 in
1034 1643 1235 1714 subscriptione
1258 1641 1384 1705 tabulae,
1411 1658 1491 1711 quam

331 1729 472 1797 habemus,
493 1731 560 1784 certi
577 1731 643 1785 anni
659 1731 762 1786 mentio
781 1731 829 1786 flat
846 1739 874 1785 et
890 1747 986 1802 parum
1003 1728 1145 1802 probabile
1157 1729 1202 1795 sit,
1217 1729 1347 1803 Assyrios
1358 1745 1407 1798 per
1418 1727 1489 1782 vices

332 1833 465 1870 annorum
481 1833 567 1871 novos
584 1817 671 1872 fastos
688 1817 891 1888 conscripsisse.

400 1902 435 1955 In
452 1900 507 1956 alia
523 1901 619 1957 tabula
636 1903 665 1957 in
683 1921 776 1958 museo
794 1902 955 1958 Britannico
973 1909 1086 1968 servata,
1108 1919 1178 1972 quae
1196 1901 1340 1956 duodecim
1356 1900 1492 1955 mensium

333 1987 420 2042 fastos
436 1987 567 2046 nimirum
583 1988 670 2044 multo
688 1989 827 2044 breviores
843 1988 934 2054 babet,
955 1988 1083 2042 omnibus
1099 1987 1240 2043 mensibus
1257 1986 1356 2042 triceni
1368 1987 1427 2042 dies
1438 1987 1492 2041 tri-

332 2072 395 2127 buti
412 2081 485 2128 sunt.
520 2073 592 2129 Solis
609 2074 831 2145 ideogrammatis
852 2082 909 2138 (seu
931 2073 1063 2139 accadioe)
1087 2073 1189 2144 scripta
1211 2081 1253 2127 est
1276 2073 1394 2142 ideoque
1410 2071 1492 2127 valde

333 2159 456 2213 obseura.
491 2160 538 2214 Ad
554 2167 675 2215 nostram
693 2160 881 2230 quaestionem
898 2177 954 2213 non
970 2158 1084 2221 attinet,
1106 2176 1190 2229 quum
1207 2177 1296 2230 nequo
1315 2161 1493 2214 sabbatorum

330 2261 419 2314 neque
436 2245 638 2300 hebdomadum
655 2246 684 2300 in
702 2265 735 2301 aa
751 2245 905 2318 reperiatur
922 2245 1078 2316 vestigium.

400 2340 457 2393 11.
485 2339 549 2395 dena
572 2341 678 2412 mdps'ru
701 2339 746 2398 vel
768 2339 834 2395 dmu
857 2335 931 2424 {cepa
953 2340 1160 2395 transcribenda
1183 2347 1248 2394 sunt
1275 2339 1354 2410 signa
1377 2314 1423 2428 ‘Y
1442 2329 1491 2416 ᾊ

333 2443 378 2507 (of.
389 2443 453 2496 IIR
462 2447 486 2510 t,
499 2447 532 2498 28
539 2461 566 2514 g.
575 2445 603 2498 h.
617 2449 659 2510 48,
671 2448 704 2498 43
712 2463 736 2498 a.
744 2445 772 2498 b.
787 2443 1004 2510 Assurb.X81),
1017 2460 1086 2513 quae
1097 2441 1251 2513 significare
1257 2443 1344 2509 „diem
1352 2443 1491 2498 iaustnm“

332 2528 515 2584 certissimum
532 2538 582 2585 est.
611 2530 748 2584 Dubitare
765 2529 842 2594 lieet,
861 2547 927 2584 num
944 2529 974 2583 in
991 2529 1031 2582 IV
1042 2529 1070 2583 R
1086 2537 1160 2584 recte
1177 2546 1270 2583 omnes
1286 2528 1370 2600 hujus
1387 2529 1493 2584 mensis

332 2639 391 2694 dies
408 2613 450 2727 31
468 2630 515 2716 Ἃ
537 2647 631 2695 notam
653 2640 786 2707 habeant,
813 2658 884 2711 quae
907 2641 1023 2696 fortasse
1047 2639 1189 2697 nonnullis
1210 2639 1294 2706 locis,
1323 2641 1372 2696 ubi
1393 2641 1492 2696 tabula

331 2742 430 2797 mutila
447 2752 489 2800 est
509 2744 553 2807 [ef.
574 2761 636 2814 pag.
652 2746 684 2796 59
702 2747 783 2810 not),
804 2762 821 2798 a
838 2744 871 2798 G.
886 2742 976 2797 Smith
993 2761 1135 2815 perperam
1153 2744 1280 2817 suppleta
1297 2751 1348 2799 est.
1391 2745 1437 2798 An
1459 2762 1492 2798 re

331 2845 395 2883 vera
413 2829 499 2900 hujus
515 2830 616 2884 mensis
635 2829 694 2883 dies
711 2846 806 2883 omnes
823 2829 918 2896 fausti,
941 2831 1061 2900 itemque
1085 2838 1238 2886 ceterorum
1259 2831 1394 2885 mensium
1418 2830 1492 2884 alio-

330 2932 392 2968 rum
409 2932 502 2969 omnes
520 2915 614 2981 fausti,
635 2915 752 2969 aliorum
770 2915 886 2970 infausti
904 2923 982 2970 erant
1000 2915 1077 2971 diest
1096 2915 1146 2981 (Of.
1165 2917 1210 2970 ΙΠ
1222 2917 1249 2970 R
1261 2919 1302 2982 52,
1318 2917 1464 2982 51-54b.)

399 3002 520 3071 I2sqq.
546 2999 628 3055 Diem
644 3000 859 3072 Babyloniorum
877 3009 984 3056 constat
1002 3001 1059 3056 sole
1077 3003 1182 3082 oriente
1199 3001 1344 3074 incepisse.
1379 3001 1492 3056 Primus

330 3085 433 3140 mensis
451 3086 510 3142 dies
528 3086 633 3152 isfuit,
654 3087 733 3158 cujus
750 3104 862 3158 vespere
880 3104 909 3142 se
925 3086 1019 3142 lunam
1036 3107 1134 3143 novam
1152 3096 1344 3160 conspecturos
1362 3105 1422 3143 ease
1440 3105 1491 3159 pu·

328 3174 433 3229 tabant.
453 3204 489 3212 -
505 3174 598 3227 &uma
612 3175 762 3240 (inu-ma),
783 3173 819 3228 cf.
832 3190 895 3244 pag.
910 3176 925 3227 6
943 3180 1001 3228 not.
1016 3176 1031 3225 5
1044 3173 1091 3229 fin.
1111 3181 1139 3228 et
1154 3175 1223 3245 Tiqt.
1239 3177 1260 3228 I
1275 3173 1386 3242 (librum
1397 3194 1491 3230 meum

331 3259 392 3313 dico
410 3260 466 3324 „die
485 3261 651 3330 Insobrr'steo
672 3260 877 3332 Tiylotpileaera
895 3261 922 3326 I,
941 3259 1019 3330 Lips.
1035 3262 1120 3326 188⁰),
1142 3278 1204 3332 pag.
1222 3263 1279 3316 183.

397 3346 454 3400 13.
482 3347 603 3401 nindodu
621 3365 637 3400 a
653 3345 745 3400 radice
768 3356 817 3402 :rr
842 3344 954 3400 duetum
971 3353 1022 3410 est,
1042 3345 1114 3400 sieut
1130 3347 1257 3401 airmaku
1274 3354 1384 3418 „patera
1402 3349 1490 3404 saori-

330 3431 392 3485 fica“
404 3451 420 3486 a
432 3443 501 3508 pan,
522 3433 557 3486 cf.
571 3433 647 3488 hebr.
661 3441 733 3488 narr
745 3431 869 3498 „donum
884 3431 1046 3486 sacrificinm
1060 3436 1276 3503 (spontaneum)“.
1300 3434 1490 3505 Idecgramma

328 3519 392 3630 <e
419 3521 542 3631 >cot
682 3518 747 3632 <u
772 3521 912 3632 >eet
939 3519 1033 3631 ce
1061 3519 1490 3632 »enm

401 3780 422 3844 l)
441 3776 537 3830 Liceat
554 3775 606 3831 hoo
623 3775 684 3830 loco
702 3793 862 3848 proponere,
883 3777 1019 3847 quomodo
1038 3777 1147 3848 signum
1164 3752 1288 3866 >tm
1314 3779 1390 3849 quod
1406 3798 1487 3834 man-

330 3881 396 3918 aoau
407 3862 531 3928 „solium
547 3861 657 3918 sellam“
670 3862 806 3933 signifieat
819 3862 862 3930 (Sb
872 3865 942 3930 267),
957 3869 1047 3918 ortum
1059 3879 1118 3917 esse
1130 3863 1199 3917 mihi
1210 3865 1345 3919 videatur.
1371 3864 1489 3935 Signum

329 3932 428 4045 >tn
440 3959 559 4024 „urbem“
570 3956 737 4028 significans,
753 3956 861 4012 duobus
872 3957 968 4012 cuneis
979 3957 1149 4028 interpositis
1161 3957 1389 4028 significationem
1399 3959 1490 4026 „solii‘

329 4070 475 4140 accepisse,
493 4069 541 4124 vix
558 4076 600 4124 est
616 4066 767 4139 probabile.
805 4043 921 4157 >tm
938 4087 993 4124 non
1011 4087 1044 4122 ex
1061 4047 1145 4156 >tu
1162 4078 1194 4136 4-
1212 4047 1248 4157 η,
1270 4070 1317 4124 red
1334 4087 1369 4124 01
1386 4046 1433 4158 ty
1453 4079 1485 4136 4.

329 4159 399 4270 >m
426 4160 465 4258 (ν
493 4155 525 4268 Υ)
547 4181 713 4235 factumest
736 4187 765 4234 et
787 4180 924 4250 significat
941 4179 1060 4250 „lignum
1081 4185 1199 4248 (cerate)
1218 4186 1366 4250 magnum‘⁴‚
1393 4183 1486 4237 anund,

328 4288 440 4368 pii-pol.
477 4292 572 4361 (Vides
589 4292 725 4348 Aecadios
742 4291 824 4346 otiam
841 4268 911 4382 >m
928 4291 1086 4347 enuntiasse
1101 4294 1166 4362 pol.)
