3276 5130
808 339 1024 401 ..72-

332 507 409 572 Vet.
435 506 638 572 Testamenti
659 506 756 588 loci1,
781 507 900 592 quibus
924 508 1024 574 simul
1046 509 1173 574 dierum
1201 509 1299 574 laurae
1327 530 1433 574 novae
1463 519 1497 574 et

330 615 542 678 sabbatorum
563 613 611 677 ita
633 614 758 680 mentio
780 616 827 698 fit,
860 626 898 680 ut
920 638 958 682 ea
981 615 1127 702 ejusdem
1149 616 1278 702 generis
1301 617 1370 682 dies
1393 616 1496 682 festos

332 719 434 786 fuisse
463 720 621 805 suspicari
651 721 758 788 liceat.
805 723 888 787 Inde
917 733 988 788 orta
1017 733 1067 789 est
1088 724 1261 806 sententia,
1297 723 1398 790 etiam
1419 727 1498 790 sab-

331 829 408 893 bata
429 827 594 914 principio
615 830 731 894 Lunae
753 829 823 894 dies
844 829 945 896 festos
966 830 1077 896 fuisse.
1119 833 1231 900 Quum
1252 841 1363 897 autem
1384 834 1498 918 Baby-

331 935 494 1000 loniorum
516 939 651 1001 sabbata
674 937 743 1002 dies
765 936 864 1002 festos
886 938 1002 1002 Lunae
1024 959 1092 1002 non
1113 937 1214 1004 fnisse
1236 961 1335 1025 supra
1357 940 1498 1005 demori-

330 1052 470 1108 stratum
491 1043 545 1127 sit,
570 1065 678 1127 neque
700 1043 867 1128 probabile
889 1046 943 1126 sit,
968 1045 1137 1110 Hebraeos
1158 1068 1218 1110 sua
1233 1048 1368 1112 sabbata
1381 1060 1497 1132 postea

331 1152 446 1215 Lunae
469 1172 682 1231 consecrasse,
706 1151 788 1216 haec
809 1151 975 1218 sententia
995 1153 1198 1237 reprobanda
1220 1164 1280 1219 est.
1327 1155 1445 1237 Itaque
1466 1154 1496 1218 si

330 1257 492 1322 Hebraeis
515 1258 643 1321 dierum
664 1257 822 1322 festorum
844 1281 948 1324 norae
969 1258 1068 1324 lunae
1087 1259 1355 1326 celebrandorum
1371 1271 1404 1325 et
1419 1262 1496 1324 sab-

330 1368 481 1431 batorum
503 1365 704 1450 agendorum
725 1365 843 1430 similis
864 1365 981 1431 modus
1002 1365 1067 1430 fuit
1086 1367 1198 1450 (quum
1212 1366 1390 1452 Babylonii
1406 1368 1495 1431 diem

329 1494 434 1537 novae
456 1472 555 1536 lunae
576 1471 669 1536 nullo
691 1472 787 1537 modo
810 1474 952 1540 sabbatis
974 1473 1212 1559 aequaverint),
1245 1497 1282 1540 ee
1310 1473 1493 1539 similitudo

330 1579 396 1644 fuit
418 1579 511 1663 quasi
532 1578 667 1644 fortuita
681 1600 788 1662 neque
803 1582 845 1644 ab
859 1581 989 1664 aequali
1003 1592 1216 1665 utrorumque
1231 1580 1361 1646 dierum
1375 1591 1489 1644 natura

329 1687 484 1772 profecta,
510 1685 558 1750 ita
578 1695 688 1752 utres
710 1686 1034 1771 origine'acnatura
1060 1689 1205 1754 diversae
1230 1687 1373 1754 similem
1399 1709 1492 1773 prae-

329 1794 464 1860 buerint
486 1793 638 1878 speciem.

416 1901 594 1970 Quaeritur
614 1909 734 1980 autem,
761 1923 841 1966 num
863 1902 926 1968 hoo
947 1923 986 1968 eo
1009 1903 1161 1968 effectum
1176 1902 1229 1986 sit,
1254 1903 1344 1986 quod
1358 1903 1495 1966 sabbata

329 2009 447 2075 iisdem
468 2029 595 2094 semper
616 2008 782 2074 mensium
804 2009 920 2075 diebus
942 2009 1044 2074 infixa
1065 2009 1204 2093 fuerint,
1235 2009 1283 2074 ita
1308 2019 1347 2074 ut
1368 2008 1495 2093 primam

329 2116 589 2202 uniuscujusque
611 2117 734 2182 mensis
764 2117 833 2182 dies
859 2116 892 2201 (i.
911 2139 940 2182 e.
966 2117 1035 2182 dies
1057 2139 1162 2184 novae
1183 2118 1292 2200 lunae)
1319 2117 1495 2182 sabbatum

329 2235 432 2307 esset,
464 2223 533 2289 sive
562 2225 633 2308 ipse
653 2217 730 2289 mil
750 2245 872 2290 nomen
901 2225 1026 2310 accepit
1059 2226 1105 2309 (ut
1133 2224 1307 2310 scriptores
1337 2225 1495 2302 „sabbata

331 2343 364 2397 et
385 2354 486 2398 novas
508 2332 624 2398 lunas“
649 2331 795 2396 dicentes
816 2330 968 2416 pluribus
991 2331 1099 2398 verbis
1120 2332 1210 2396 idem
1232 2330 1377 2396 dixerint
1397 2351 1438 2394 ac
1465 2329 1495 2393 si

330 2441 504 2519 „sabbata“
527 2450 658 2505 tantum
680 2438 884 2523 dunense,
910 2439 979 2504 sive
1001 2461 1123 2506 nomen
1138 2432 1211 2507 nra
1234 2437 1354 2504 tenuit.
1395 2436 1495 2506 Quod

327 2557 415 2612 certo
437 2547 627 2631 negandum
649 2556 709 2610 est.
756 2545 842 2610 Nam
866 2547 894 2610 si
916 2545 1084 2614 israelitae
1113 2548 1248 2612 sabbata
1276 2565 1405 2628 semper
1434 2543 1497 2606 iis-

329 2653 404 2718 dem
424 2652 590 2718 mensium
612 2651 729 2718 diebus
752 2652 905 2736 egissent,
931 2654 1076 2737 profecto
1098 2653 1184 2718 sicut
1197 2651 1375 2737 Babylonii
1390 2650 1495 2735 septi·

327 2781 430 2842 mum,
458 2769 610 2842 quartum
632 2758 819 2824 decimum³
841 2769 903 2822 etc.
923 2762 1059 2826 sabbata
1071 2760 1276 2848 habuissent.
1314 2759 1366 2824 Ita
1380 2769 1496 2824 autem

328 2887 433 2932 novae
451 2865 550 2930 lunae
572 2865 642 2930 dies
663 2888 684 2930 a
705 2867 839 2931 sabbato
861 2867 1075 2934 antecedente
1098 2869 1238 2932 duorum
1259 2865 1312 2932 vel
1334 2865 1449 2946 unius,
1475 2885 1496 2928 a

326 2983 486 3058 sequente
508 2972 654 3056 quinque
676 2981 803 3038 tantum
826 2972 955 3038 dierum
976 2974 1082 3058 spatio
1096 2975 1263 3060 sejunctus
1278 2973 1408 3054 fuisset,
1434 2993 1497 3036 ne-

328 3103 391 3165 que
413 3083 548 3147 sabbato
570 3101 609 3144 eo
632 3079 686 3144 die
706 3080 835 3164 agendo
856 3081 893 3143 in
913 3079 972 3147 illo
995 3083 1204 3148 sabbatorum
1233 3080 1347 3146 ordine
1375 3079 1497 3144 fuisset

325 3189 429 3254 locus.
468 3187 568 3254 Diem
581 3186 736 3272 primum,
754 3196 916 3268 octavum,
934 3187 1089 3270 quintum
1104 3187 1278 3270 decimum,
1297 3187 1497 3252 vicesimum

326 3296 468 3362 alterum
489 3295 591 3360 fuisse
614 3295 748 3360 sabbata
768 3315 838 3358 nou
858 3304 965 3379 potest
987 3295 1090 3378 credi,
1116 3316 1219 3379 quum
1240 3294 1334 3360 nulla
1348 3295 1497 3379 reperia-

295 3438 299 3445 -
328 3413 382 3466 tur
403 3423 511 3484 causa,
536 3423 595 3468 cur
615 3401 686 3466 dies
709 3401 833 3484 VIH¹¹⁸,
858 3402 975 3466 XV¹¹⁸⁴
996 3401 1144 3468 distincti
1164 3401 1243 3466 sint.

413 3508 508 3573 Nihil
529 3509 631 3593 igitur
652 3517 759 3593 potest
781 3508 817 3572 in
831 3509 1057 3594 cognoscenda
1071 3530 1177 3590 casua,
1203 3530 1262 3574 cur
1277 3506 1380 3574 simili
1394 3508 1496 3574 modo

329 3633 535 3641 ———

400 3690 424 3754 1)
444 3688 530 3741 Amos
543 3689 567 3753 8,
583 3689 608 3740 5.
628 3686 683 3742 Jes.
701 3691 724 3754 1,
743 3690 783 3741 13.
804 3687 903 3742 Ezech.
915 3691 957 3754 46,
974 3691 999 3742 1.
1013 3690 1038 3742 3.
1056 3687 1155 3758 2Reg.
1170 3691 1195 3754 4,
1211 3689 1252 3740 23.
1273 3685 1328 3742 Jes.
1342 3687 1385 3751 66,
1401 3688 1445 3739 23.
1459 3716 1495 3726 -

328 3773 367 3828 Et
386 3771 446 3827 dies
464 3789 550 3826 novae
567 3769 649 3826 lunae
668 3779 696 3826 et
713 3773 829 3828 sabbata
845 3779 879 3828 st
896 3772 1087 3829 sollemnia
1112 3772 1282 3844 conjunctim
1305 3777 1496 3826 memorantur

327 3859 397 3915 Hos.
412 3861 437 3922 2,
454 3859 495 3911 13.
514 3856 614 3912 Eaech.
626 3861 669 3924 45,
688 3861 727 3912 17.
744 3858 817 3913 Neh.
833 3861 873 3924 1⁰,
890 3863 932 3913 34.

397 3947 422 4010 2)
442 3945 588 4009 Lemme,
609 3944 652 4000 die
669 3943 998 4014 rotbmeaeaietuete
1009 3944 1167 4016 Bedamaq
1181 3945 1227 4000 dee
1239 3944 1385 4014 Docebat,
1405 3959 1434 4014 p.
1449 3945 1493 3998 61.

397 4033 423 4096 3)
442 4029 512 4084 Dies
529 4029 663 4102 septimus
679 4027 868 4084 Israelitsrum
885 4029 909 4086 is
927 4036 978 4096 est,
998 4028 1048 4100 qui
1064 4046 1176 4100 vespere
1194 4029 1250 4084 disi
1269 4027 1382 4100 septimi
1399 4029 1496 4099 Baby-

325 4115 464 4171 loniorum
481 4114 581 4186 incipit
598 4122 649 4170 eto.

396 4205 422 4267 4)
442 4202 521 4256 Luna
537 4199 620 4272 plena
637 4199 760 4271 conspici
778 4197 848 4255 solet
866 4208 953 4268 nocte,
981 4198 1094 4270 scujus
1117 4199 1198 4256 initio
1223 4200 1283 4256 dies
1306 4199 1409 4271 incipit
1432 4201 1495 4255 He-

326 4289 472 4343 braeorum
489 4286 593 4341 lllV¹¹·¹
675 4353 679 4360 ι
