3276 5130
606 329 820 390 ..57-

126 500 202 564 alba
223 499 421 565 vestimenta
442 521 612 582 nunquam
633 521 740 580 mane,
758 498 954 581 simulatque
969 521 987 562 e
1002 499 1085 563 lecto
1101 499 1288 580 surrexerit,

128 608 272 690 ideoque
295 630 363 672 non
386 606 534 671 induisse
556 605 621 672 nisi
634 607 789 671 vestitum
804 606 972 685 mutando,
998 606 1061 670 hoc
1075 606 1177 692 igitur
1191 605 1293 672 vetito

127 714 317 799 prohiberi,
348 737 391 779 ne
420 714 502 779 forte
531 735 590 778 rex
611 714 797 794 arbitretur,
822 712 973 798 superius
996 713 1207 778 interdictum
1229 713 1294 777 sibi

128 843 198 886 esse
224 823 473 908 neglegendum
498 832 683 907 propterea,
720 821 825 905 quod,
853 831 892 885 ut
923 820 1092 906 negotium
1124 819 1294 905 publicum

127 929 278 994 facturus
307 929 382 994 alba
411 927 607 994 vestimenta
629 928 764 1011 induat,
789 950 859 994 mos
891 929 1051 1013 postulet:
1087 927 1166 994 licet
1194 929 1294 992 etiam

130 1057 283 1120 sumere,
308 1037 391 1103 albis
412 1036 616 1102 vestimentis
643 1059 753 1122 regem
782 1036 848 1102 nisi
880 1047 967 1101 certa
999 1035 1132 1120 negotia
1163 1035 1294 1120 publica

128 1156 303 1228 gerentem
324 1169 392 1211 non
413 1146 570 1211 amictum
591 1145 704 1228 fuisse,
731 1156 763 1210 et
784 1155 969 1230 propterea,
994 1146 1080 1228 quod
1102 1165 1140 1208 ea
1161 1143 1294 1228 negotia

128 1251 181 1316 die
209 1253 376 1336 palpet.
400 1275 513 1338 gerere
534 1253 627 1318 nefas
649 1251 703 1334 sit,
728 1251 922 1317 vestimenta
943 1253 985 1316 ad
1009 1275 1046 1316 ca
1068 1262 1143 1337 apta
1157 1253 1293 1316 induere

126 1359 246 1424 vetari.
293 1361 500 1426 Libationem
521 1360 627 1425 facere
648 1359 863 1440 interdicitur,
887 1369 947 1424 ¹aut
968 1382 1011 1424 ne
1029 1360 1133 1424 otium
1155 1361 1295 1444 impera-

126 1479 200 1532 tum
215 1491 261 1532 ne
276 1468 410 1532 libando
433 1467 564 1550 quidem
587 1467 851 1551 interrumpatur,
872 1478 929 1532 aut
945 1469 1032 1551 quod
1046 1468 1160 1533 libatio
1176 1469 1292 1533 diebus

125 1573 195 1640 illis
210 1586 252 1640 ut
265 1576 375 1640 minus
396 1575 513 1640 faustis
534 1597 603 1639 non
625 1574 810 1639 conveniat:
838 1596 935 1638 curru
956 1575 1043 1658 vehi,
1061 1586 1119 1640 aut
1134 1575 1294 1660 quianon

130 1694 241 1768 potest
263 1683 334 1748 fieri
355 1683 426 1747 sine
448 1682 620 1756 hominurn
643 1691 676 1746 et
697 1704 853 1765 equorum
875 1685 1002 1768 opera¹,
1032 1693 1090 1748 aut
1116 1683 1294 1769 voluptatis

132 1789 338 1874 abjiciendae
366 1813 473 1856 causa.
519 1792 638 1876 Magus
661 1802 791 1876 aegroto
813 1813 948 1855 manum
967 1789 1130 1875 applicare
1151 1800 1290 1872 vetetur,

133 1907 194 1961 aut
215 1898 292 1981 quia
314 1897 484 1982 negotium
506 1897 741 1982 quotidianum
758 1898 828 1982 ejus
851 1908 909 1978 est,
936 1907 993 1962 aut
1016 1899 1092 1981 quia
1106 1897 1191 1961 vitae
1205 1897 1294 1962 leva-

134 2004 258 2070 tionem
280 2007 383 2070 affert.
813 2015 816 2028 '

221 2113 361 2196 Reliqua
383 2113 485 2178 vetita
507 2137 609 2198 quum
631 2112 738 2178 verbis
766 2111 1007 2178 obscurioribus
1033 2133 1186 2196 expressa
1213 2110 1290 2196 sint,

139 2230 310 2304 antequam
332 2244 370 2286 ee
391 2231 584 2304 tractemus,
616 2231 779 2286 tentemus
802 2241 1008 2304 cognoscere,
1041 2241 1122 2282 num
1151 2219 1202 2282 illi
1224 2220 1293 2284 dies

142 2327 262 2392 brerint
282 2329 397 2394 animis
420 2329 621 2394 abstinentia
643 2327 831 2394 coercendis
853 2349 895 2390 an
918 2325 984 2391 otio
1008 2327 1177 2409 destinati,
1212 2337 1244 2391 et
1265 2327 1294 2390 si

145 2433 220 2518 otio,
245 2459 322 2500 num
342 2439 384 2501 ad
405 2437 531 2502 tristem
554 2461 596 2502 an
618 2439 660 2501 ad
681 2437 832 2501 festivam
855 2434 921 2499 diei
936 2445 1087 2499 naturam
1102 2435 1207 2499 otium
1221 2457 1294 2520 per-

144 2541 283 2607 tinuerit.
328 2546 420 2613 Quae
443 2567 484 2609 ex
505 2545 688 2610 interdictis
710 2545 817 2609 adhuc
839 2541 1051 2609 consideratis
1078 2565 1146 2608 non
1168 2543 1294 2607 elucere

142 2649 288 2716 vidimus.

220 2759 368 2824 Primum
382 2761 688 2842 animadvertamus,
715 2760 789 2824 illos
812 2759 881 2824 dies
902 2758 997 2844 (sicut
1011 2768 1133 2824 eeteros
1149 2759 1295 2844 ejusdem

134 2867 254 2933 mensis
277 2868 399 2950 omnes)
422 2868 557 2954 proprio
577 2871 673 2933 verbo
695 2869 851 2933 faustos
874 2891 943 2933 esse
966 2867 1077 2949 dictos,
1104 2891 1171 2931 non
1194 2868 1296 2952 igitur

136 2997 207 3040 esse
229 2976 338 3042 tristes
359 2976 411 3040 vel
433 2986 530 3042 atros.
576 2976 657 3040 Dies
680 2987 789 3040 autem
810 2976 910 3041 fausti
937 2976 1073 3039 minime
1100 2976 1235 3039 fuerunt
1256 2975 1291 3056 ii,

135 3083 257 3165 quibus
280 3069 398 3169 eorpus
420 3092 634 3167 torqueretur,
660 3105 767 3166 neque
789 3083 825 3165 ii,
851 3083 970 3167 quibus
984 3085 1026 3146 ab
1041 3083 1193 3168 operibus
1209 3083 1296 3146 desi-

133 3200 276 3254 steretur
304 3190 442 3274 idcireo,
474 3213 517 3255 ne
547 3191 631 3255 male
660 3213 697 3254 ea
725 3191 908 3254 caderent2.
961 3190 1078 3272 Neque
1107 3191 1295 3253 adversatur

131 3319 258 3362 nomen
282 3299 453 3383 lodged,
481 3300 691 3382 quodquam
716 3298 790 3382 dul.
815 3320 875 3382 per
896 3319 930 3362 se
953 3297 1115 3381 significet
1130 3296 1294 3375 ,‚malum“

132 3415 169 3470 et
190 3405 267 3490 pol.
293 3411 414 3489 „esse“,
440 3415 534 3491 putet
549 3405 621 3490 quis
636 3405 819 3492 significare
835 3405 978 3485 „malum
993 3411 1084 3469 esse“
1101 3405 1169 3469 sive
1186 3406 1294 3488 ,quod

132 3513 260 3578 malum
281 3519 365 3606 est“.¹
406 3516 453 3579 At
474 3515 562 3578 enim
583 3513 646 3578 hoc
666 3534 822 3599 perquam
844 3511 1006 3578 incertum
1029 3523 1087 3593 est,
1114 3512 1190 3595 quia
1213 3513 1295 3578 duo-

132 3643 209 3684 rum
224 3621 391 3705 signorum
407 3632 619 3687 cuneatorum
636 3621 841 3707 copulatione
857 3621 906 3684 vis
921 3620 1091 3703 utriusque
1114 3622 1296 3686 communis

134 3728 226 3791 haud
247 3750 318 3792 raro
348 3728 483 3794 omnino
513 3730 619 3795 deleta
648 3729 787 3793 videtur.
842 3729 1075 3793 Confitendum
1104 3740 1152 3794 est
1181 3729 1292 3814 igitur,

136 3834 218 3918 quid
239 3835 404 3921 significet
430 3841 483 3902 em
514 3838 673 3922 pamel.
704 3859 764 3902 nos
792 3836 900 3902 adhuc
929 3836 1064 3902 nescire.
1116 3838 1157 3900 In
1184 3837 1295 3902 tabula

207 4034 231 4099 l)
250 4031 379 4089 Fortasse
396 4050 492 4090 eunus
508 4032 626 4090 bellicus
643 4040 755 4089 notatur
772 4052 887 4107 eumque
906 4034 1088 4091 conscendere
1110 4051 1159 4089 rex
1176 4039 1291 4101 vetatur,

134 4138 170 4174 ne
188 4117 294 4174 bellurn
310 4127 388 4190 gerat
405 4119 450 4175 die
470 4121 602 4193 turpet.

94 4239 98 4244 =
205 4208 229 4271 2)
248 4206 308 4262 Nec
324 4205 407 4261 facila
423 4207 577 4278 reperietur
599 4223 690 4270 causa,
716 4224 766 4262 cur
783 4207 915 4280 septimus
939 4207 1056 4278 quisque
1079 4206 1137 4262 dies
1159 4207 1296 4262 infaustus

137 4291 250 4347 babitus
266 4292 312 4360 sit,
334 4311 419 4363 quum
436 4309 565 4350 numerus
582 4292 753 4363 septenarius
770 4311 845 4348 sacer
862 4293 955 4348 fuerit.
