3276 5130
818 345 1032 410 „73-

344 539 413 582 non
443 537 513 582 esse
546 527 707 582 servatam
739 516 898 602 propheta
925 516 1083 601 queritur.
1137 516 1189 580 Ex
1216 537 1280 600 quo
1311 515 1506 600 neutiquam

346 624 500 705 efficitur,
525 624 702 689 admodum
723 644 847 688 novum
869 623 970 689 fuisse
985 623 1069 688 illud
1083 632 1303 708 praeceptum,
1329 621 1384 688 cui
1398 633 1505 708 patres

347 754 415 798 non
438 730 606 816 potuerint
625 751 748 816 parere,
775 731 851 814 quia
877 731 974 815 (quod
996 731 1075 815 ipsis
1097 732 1207 795 Deum
1228 729 1404 813 imperasse
1425 731 1507 796 dicit
1625 732 1626 772 l

344 839 529 925 prophetat)
549 859 616 903 non
631 837 814 904 noverint1.
855 838 941 902 Nam
956 859 997 902 ex
1019 837 1076 903 illo
1091 836 1206 901 hmosi
1226 836 1414 918 didicimus,
1436 837 1506 922 jam

344 957 477 1013 centum
500 957 532 1011 et
554 945 794 1032 quinquaginta
816 945 912 1010 annis
934 955 1010 1010 ante
1033 943 1264 1012 commercium
1292 954 1325 1008 et
1351 946 1396 1028 (id
1419 946 1508 1029 quod

344 1077 385 1120 ex
414 1076 452 1120 eo
480 1052 675 1139 colligimus)
707 1074 804 1137 opera
836 1053 945 1118 omnia
976 1054 1119 1119 sabbatis
1161 1054 1377 1120 intermittere
1407 1053 1506 1119 moris

342 1161 455 1228 fuisse.
507 1161 558 1226 Ne
585 1160 648 1225 hoc
677 1159 809 1244 quidem
843 1182 884 1225 ex
913 1162 1019 1226 verbis
1047 1161 1209 1226 Jeremiae
1242 1173 1350 1246 potest
1380 1161 1503 1246 colligi,

344 1267 527 1334 accuratius
549 1265 787 1352 perfectiusque
809 1267 915 1353 ipsius
937 1279 1043 1333 aetate
1066 1267 1170 1333 otium
1201 1268 1344 1334 sabbatis
1371 1289 1507 1334 servan-

344 1377 424 1441 dum
444 1373 647 1460 postulatum
669 1395 749 1439 esse.
796 1375 882 1439 Nam
909 1396 1008 1440 onera
1033 1371 1128 1456 serre,
1163 1378 1251 1460 quod
1277 1376 1421 1442 maxime
1449 1375 1505 1441 illc

343 1494 441 1564 vetat,
468 1491 576 1562 antea,
601 1503 703 1564 quum
724 1482 866 1546 vendere
888 1503 985 1547 nemo
1007 1484 1150 1564 auderet,
1177 1483 1307 1548 licitum
1328 1484 1431 1548 fuisse
1452 1484 1504 1547 in-

344 1587 499 1656 credibile
532 1598 592 1654 est.
645 1589 754 1672 Atque
782 1609 845 1671 quo
868 1587 942 1673 jure
971 1588 1075 1674 possit
1103 1612 1143 1655 ex
1170 1590 1316 1656 oratione
1344 1589 1499 1654 Jeremiae

343 1696 513 1764 concludi:
547 1694 789 1781 „Herpebrocltt
816 1695 936 1761 calmet
957 1697 1024 1762 also
1054 1717 1115 1761 our
1142 1696 1193 1761 die
1215 1697 1417 1780 Entdoltuop
1442 1717 1498 1759 oon

343 1807 399 1870 der
413 1802 598 1869 Feldarber't
618 1803 685 1867 uod
705 1801 861 1867 vielleicht
875 1825 934 1868 oon
956 1805 1012 1869 der
1030 1803 1293 1889 prefessionellen
1316 1802 1501 1887 Hcota'runp

342 1933 479 1998 peccem
512 1932 552 1975 zu
583 1910 696 1990 seio“²,
735 1909 791 1974 vix
820 1908 992 1995 quisquam
1021 1910 1231 1976 intellexerit.
1286 1913 1391 1976 Immo
1429 1931 1504 1974 vero

342 2019 467 2085 laborer
493 2039 607 2104 graves
639 2028 677 2082 ut
709 2038 807 2081 onera
839 2015 922 2081 ferre
954 2038 1070 2084 censeo
1095 2028 1172 2083 ante
1197 2017 1307 2083 omnia
1334 2039 1404 2082 esse
1429 2019 1506 2081 sab-

341 2126 426 2193 batis
455 2125 607 2206 omissos,
639 2135 672 2189 et
700 2145 801 2207 quum
831 2123 917 2188 cives
946 2124 1107 2190 Jeremiae
1137 2125 1331 2210 religionem
1359 2125 1506 2190 Jehovae

342 2242 589 2300 contemnentes
617 2252 685 2296 non
714 2231 852 2315 puderet
882 2252 980 2295 onera
1007 2232 1151 2298 sabbatis
1177 2232 1276 2314 ferre,
1307 2241 1394 2297 certe
1423 2232 1505 2297 alios

341 2342 467 2407 labores
489 2341 595 2406 facere
617 2338 716 2403 etiam
737 2338 848 2402 minus
870 2336 968 2402 veriti
989 2349 1076 2403 sunt.

426 2463 614 2530 Ezechiel
635 2462 721 2527 sicut
741 2459 884 2526 Jeremia
907 2463 1064 2544 queritur,
1084 2462 1171 2527 cives
1187 2483 1262 2529 suos
1276 2464 1411 2528 sabbata
1426 2485 1506 2528 con-

343 2583 498 2640 temnere.
523 2593 524 2597 ¹
537 2573 674 2636 Peccata
690 2567 815 2633 Oholae
832 2577 864 2632 et
880 2567 1040 2633 Oholibae
1055 2591 1191 2634 narrans
1206 2572 1340 2634 sabbata
1354 2571 1506 2656 neglecta

342 2680 449 2746 acrius
477 2676 689 2764 reprehendit
721 2678 782 2759 (23,
813 2677 864 2758 38)
897 2687 930 2740 et
959 2676 1145 2762 principum
1178 2677 1300 2742 scelera
1332 2677 1506 2763 increpans

343 2785 425 2851 dicit
454 2787 516 2868 (22,
542 2785 571 2866 8)
607 2803 740 2862 „sacra
768 2804 855 2846 mea
883 2782 1112 2869 diripuisti
1143 2794 1181 2850 et
1211 2787 1386 2850 sabbata
1416 2806 1506 2848 mea

342 2889 616 2979 profanasti“.
664 2889 773 2954 Etiam
795 2890 831 2954 in
853 2912 903 2972 eo,
928 2892 1015 2975 quod
1037 2889 1107 2976 jam
1135 2891 1260 2976 priores
1282 2889 1510 2956 Israelitarum*

278 3003 284 3022 ¹
343 3009 466 3065 aetates
495 3000 629 3064 sabbata
652 2998 884 3082 contempsisse
915 2997 1012 3079 dicit,
1046 3000 1219 3064 concordat
1248 2998 1401 3063 Ezechiel
1429 3020 1506 3062 cum

341 3107 495 3174 Jeremia.
536 3105 627 3174 Quin
649 3104 749 3169 etiam
770 3104 867 3190 plane
890 3104 972 3170 dicit
998 3107 1060 3189 (ἳο,
1091 3113 1128 3169 10
1144 3108 1243 3191 sqq),
1268 3106 1377 3170 Deum
1399 3107 1506 3170 Israe-

341 3215 411 3280 litis
437 3236 479 3279 ex
500 3215 649 3299 Aegypto
677 3212 713 3293 in
742 3213 908 3278 desertum
935 3213 1062 3279 eductis
1089 3213 1138 3278 ibi
1167 3225 1342 3299 praecepta
1367 3223 1400 3278 et
1428 3212 1505 3297 jura

342 3343 401 3388 sua
422 3320 637 3406 proposuisse,
665 3341 769 3402 „quae
790 3320 888 3386 homo
911 3320 1023 3401 faciat,
1049 3330 1087 3385 ut
1109 3319 1151 3384 iis
1173 3320 1292 3400 vivat“,
1318 3341 1356 3384 ac
1377 3321 1502 3406 pergit:

344 3430 416 3508 „Et
437 3430 611 3493 sabbata
633 3448 719 3491 mea
741 3426 799 3491 iis
822 3428 936 3510 dedi,
962 3437 1007 3492 ut
1034 3427 1199 3513 signum
1227 3437 1369 3492 essent
1390 3427 1505 3492 inter

342 3557 401 3600 me
439 3547 478 3600 et
511 3557 594 3615 eos,
635 3545 680 3598 ut
715 3533 901 3599 sciretur
936 3557 1013 3616 me,
1054 3534 1268 3614 Jehovam,
1310 3555 1398 3599 esse
1436 3555 1504 3599 eos

343 3642 698 3707 sanctificantem.
748 3642 847 3707 Tum
870 3653 1092 3708 contumax
1115 3641 1201 3706 fuit
1222 3642 1424 3707 adversus
1447 3663 1505 3706 me

343 3745 483 3815 domus
512 3749 690 3814 Israelis
717 3749 758 3814 in
785 3751 970 3831 deserto,
1012 3749 1249 3815 secundum
1277 3759 1506 3834 praecepta

341 3877 428 3921 mea
453 3878 535 3921 non
562 3857 763 3922 vixerunt
796 3867 837 3922 et
865 3857 960 3940 jura
992 3879 1077 3922 mea
1110 3867 1372 3941 spreverunt,
1405 3877 1505 3940 quae

412 4118 435 4179 t)
457 4114 535 4174 Quae
559 4111 808 4169 Wellhauseni
835 4114 1000 4178 (Geachicbte
1022 4115 1243 4180 Israela,1118)
1269 4113 1405 4168 sententia
1426 4111 1505 4167 vide-

340 4205 386 4254 tur
404 4217 472 4255 esse.

410 4296 434 4359 2)
455 4291 645 4358 Wellhausen,
665 4291 684 4348 l.
697 4291 727 4352 l..
