3310 5126
618 345 833 405 ..15-

144 519 279 604 νΙΠθ),
295 515 410 584 Cicero
422 515 473 600 [de
483 514 549 600 leg.
560 515 596 580 Π
608 520 657 596 12,
670 515 733 597 29),
747 512 887 580 Ovidius
900 513 984 598 (fast.
998 516 1016 580 Ι
1031 522 1066 578 71
1077 517 1176 601 sqq),
1190 513 1306 580 Tibul·

141 629 194 693 lus
216 625 310 712 (eleg.
331 625 368 690 II
389 625 432 708 1),
457 622 572 688 Livius
592 624 633 708 (V
651 623 714 707 13),
737 621 870 687 Tacitus
888 621 976 708 (ann.
993 622 1043 687 IV
1057 629 1108 705 70,
1123 623 1167 708 4),
1188 622 1306 688 Festus

148 736 233 822 (pag.
257 741 319 798 219
349 733 402 798 ed.
432 730 579 814 Muell.),
617 731 742 797 Seneca
769 730 859 816 (epit.
892 740 1037 796 controv.
1061 730 1093 796 V
1121 739 1224 796 contr.
1258 730 1303 814 1),

144 843 331 910 Macrobius
351 841 486 924 (saturn.
503 843 519 902 1
538 839 602 924 16),
620 839 754 906 Servius
774 839 825 921 [ad
836 837 929 923 Virg.
948 859 1056 924 georg.
1075 837 1304 922 Ises-275),

147 949 328 1020 Columella
351 949 401 1034 (de
421 970 457 1014 re
477 957 560 1012 rust.
578 948 615 1014 ΙΙ
630 949 697 1031 22),
723 947 839 1014 Strabo
859 946 980 1032 (geogr.
997 948 1034 1012 X
1049 953 1078 1028 3,
1099 946 1143 1031 11).
1183 945 1307 1010 Verum

144 1082 213 1126 non
232 1059 422 1124 habuerunt
444 1056 514 1122 dies
536 1055 634 1121 certis
656 1055 724 1120 sive
755 1064 881 1140 septem
908 1053 977 1120 sive
1004 1054 1150 1140 plurium
1178 1052 1307 1120 dierum

143 1166 324 1234 intervallis
345 1174 555 1247 revertentes,
581 1163 701 1248 quibus
722 1163 848 1229 labores
871 1185 967 1249 agere
988 1163 1081 1228 nefas
1102 1173 1197 1228 esset.

231 1277 306 1346 Quo
330 1283 475 1360 tempore
499 1272 650 1338 Christus
672 1282 771 1338 natus
793 1282 843 1338 est
871 1272 924 1337 vel
950 1271 1049 1358 paulo
1078 1279 1154 1336 ante
1183 1269 1308 1336 hebdo-

144 1383 279 1450 madum
300 1381 383 1446 ratio
412 1381 501 1467 apud
523 1383 688 1446 Romanos
717 1379 754 1444 in
780 1402 878 1446 usum
907 1379 999 1446 venit
1030 1378 1116 1463 (onte
1147 1377 1309 1443 Constan-

145 1491 254 1556 tinum
275 1490 437 1576 Magnum
458 1511 528 1554 non
550 1510 759 1556 communem
780 1510 843 1554 neo
863 1488 1060 1574 publicum),
1090 1497 1187 1570 atque
1206 1506 1248 1550 ex
1269 1506 1308 1550 eo

145 1611 290 1685 tempore
312 1597 485 1683 scriptores
507 1598 627 1664 Graeci
650 1607 684 1662 et
705 1596 865 1662 Romani¹
889 1596 959 1661 dies
980 1617 1049 1662 non
1070 1617 1142 1660 raro
1163 1592 1309 1660 nomini·

217 1837 304 1906 1)(11.
329 1837 579 1894 calendarium
603 1835 807 1893 Sabinioum
836 1837 987 1909 primorum
1014 1835 1160 1892 Gaesarem
1187 1841 1310 1907 tempore

146 1925 280 1998 seriptum
299 1955 335 1966 -
351 1926 553 1990 Mommsen,
578 1923 660 1980 11111.
683 1924 816 1991 chronol,
840 1941 868 1996 p.
888 1926 954 1993 3143
978 1921 1158 1989 Huschke,
1185 1923 1234 1977 doe
1257 1921 1311 1976 alta

145 2013 273 2069 raneos
283 2012 364 2080 Jatr,
377 2028 405 2083 p.
417 2013 476 2066 294.
504 2008 600 2065 Sabini
612 2008 729 2066 fortasse
738 2011 798 2082 jam
809 2018 891 2067 antea
900 2009 1120 2066 hebdomadibus
1132 2007 1177 2065 usi
1188 2013 1253 2064 sunt
1263 2037 1307 2062 -.

215 2105 347 2164 risun
367 2105 437 2178 0103.
457 2107 472 2161 1
489 2108 514 2171 1,
531 2107 646 2160 15-18:

353 2205 416 2276 lpse
433 2220 485 2274 ego
504 2201 617 2269 solutor,
639 2219 724 2274 quum
739 2204 798 2275 jam
814 2202 944 2259 mandata
962 2199 1107 2266 dedissem,

405 2289 577 2349 Quaerebam
593 2289 687 2344 tardas
704 2289 804 2346 anxius
821 2306 908 2361 usque
924 2304 1024 2344 moras.

356 2375 414 2431 Ant
430 2393 481 2446 ego
499 2393 558 2431 sum
576 2383 704 2433 causatus
721 2395 794 2444 aves,
816 2383 864 2431 aut
881 2375 973 2430 omnis
990 2374 1059 2440 dira,

408 2459 551 2520 Saturnive
570 2479 675 2520 saetam
691 2481 735 2520 ms
751 2463 874 2518 tenuisse
892 2461 972 2516 diem

221 2565 378 2621 Frontin.
399 2572 476 2624 strat.
492 2567 523 2623 11
542 2571 564 2634 1,
585 2569 630 2621 17:
650 2566 837 2639 Vespasianus
848 2565 968 2621 Judaeos
985 2563 1098 2620 Saturni
1117 2563 1175 2629 die,
1198 2580 1252 2635 qno
1270 2563 1312 2618 eis

287 2651 364 2708 nefas
380 2660 423 2708 est
441 2653 592 2726 quidquam
610 2653 697 2710 seriae
713 2651 754 2708 rei
772 2670 861 2723 agore,
882 2652 996 2709 adortus
1014 2650 1162 2725 superavit.

218 2754 235 2809 J
241 2754 346 2810 ustiu.
371 2757 472 2812 Mart.
499 2756 572 2828 apol.
591 2758 672 2812 167:
696 2755 747 2824 τὴν
771 2757 802 2814 δὲ
818 2761 870 2811 τοῦ
888 2753 967 2824 ἡλίου
985 2752 1094 2828 ἣμέραν
1110 2756 1191 2825 κοινῇ
1209 2749 1312 2812 πάντες

284 2861 335 2909 την
351 2843 516 2898 συνέλευσιν
533 2840 696 2916 ποιούμεθα
714 2842 811 2911 ἐπειδὴ
823 2839 915 2916 πρώτη
928 2841 1006 2900 ἐστὶν
1022 2840 1120 2918 ἡμέρα,
1140 2839 1172 2897 ἐν
1182 2831 1227 2912 gii>
1243 2837 1312 2899 Θεὸς

285 2926 317 2982 τὸ
336 2925 435 2988 σκότος
452 2928 501 2983 καὶ
518 2925 570 2996 τὴν
587 2927 658 2997 ὕλην
674 2931 780 3003 τρέψας
798 2927 908 3002 κόσμον
924 2928 1038 2996 ἐποίησε
1055 2929 1103 2984 καὶ
1117 2926 1227 2994 Ἰησοῦς
1238 2926 1312 3000 Χρι-

287 3012 351 3074 στὸς
369 3011 384 3067 ὃ
403 3011 535 3088 ἡμέτερος
553 3013 652 3090 Σωτὴρ
676 3020 709 3088 τῇ
731 3015 801 3089 αὐτῇ
826 3011 915 3090 ἡμέρᾳ
938 3015 968 3070 ἐκ
992 3017 1098 3089 νεκρῶν
1121 3011 1232 3078 ἀνέστη.
1272 3014 1311 3083 Τῇ

285 3099 340 3176 γὰρ
359 3097 414 3174 πρὸ
432 3103 480 3168 τῆς
498 3102 640 3174 Κρονικῆς
657 3099 840 3176 ἐσταύρωσαν
862 3100 950 3158 αἰπὺν
967 3102 1015 3157 καὶ
1031 3104 1063 3173 τῇ
1080 3097 1151 3173 μετὰ
1167 3097 1219 3166 τὴν
1235 3100 1312 3172 Κρο-

287 3185 379 3255 νικὴν,
400 3185 460 3254 ἣτις
478 3181 653 3255 ἐστὶνιῆλὶοο
671 3183 769 3263 ἡμέρα,
790 3196 842 3246 eto.

217 3290 364 3348 Tertull.
391 3290 427 3346 ad
449 3291 607 3346 nat.113:
639 3290 696 3348 Vos
719 3292 789 3348 certi
811 3291 890 3358 estis,
919 3290 970 3363 qui
992 3290 1076 3346 etiam
1097 3289 1127 3344 in
1148 3286 1313 3345 laterculum

285 3385 391 3449 septem
408 3376 517 3432 dierum
533 3376 621 3434 solem
636 3379 781 3451 recepistis
799 3386 827 3433 et
843 3396 878 3434 ex
895 3378 993 3434 diebus
1015 3377 1106 3450 ipsum
1127 3373 1309 3448 praelegistis,

285 3481 341 3535 quo
367 3463 413 3518 die
436 3463 577 3519 lavacrum
601 3464 771 3519 subtrahatis
794 3471 843 3520 aut
866 3463 896 3519 in
920 3479 1062 3536 vesporam
1089 3461 1238 3529 differatis,
1264 3469 1313 3518 aut

285 3548 375 3604 otium
391 3556 420 3604 st
436 3549 584 3620 prandium
601 3548 705 3606 curetis
717 3589 815 3607 .....
845 3550 938 3611 Quare
955 3557 988 3606 ut
1004 3550 1040 3605 ab
1058 3565 1170 3606 exosam
1181 3554 1310 3616 revertar,

287 3635 336 3706 qui
354 3634 441 3691 solem
457 3643 487 3692 et
504 3636 577 3694 diem
594 3637 657 3710 ejus
674 3636 757 3692 nobis
774 3636 957 3708 exprobratis,
976 3635 1118 3709 agnoscite
1129 3634 1309 3702 vicinitatem,

285 3739 342 3777 non
358 3719 441 3792 longe
458 3740 475 3777 a
493 3721 612 3779 Saturno
631 3731 659 3778 et
676 3722 798 3779 sabbatis
815 3722 915 3778 vestris
932 3739 1035 3780 sumus.

337 3805 445 3879 apolog.
465 3809 528 3866 adv.
542 3817 618 3882 gent.
635 3813 681 3864 16:
701 3809 829 3881 Denique
841 3808 906 3864 inde
918 3809 1048 3882 suspicio,
1063 3807 1138 3881 quod
1149 3806 1310 3874 innotuerit,

287 3910 338 3950 nos
349 3893 385 3950 ad
396 3893 512 3950 orientis
529 3896 669 3966 regionem
686 3894 802 3968 precari.
833 3894 888 3950 Sed
904 3901 933 3950 11
949 3893 1076 3966 plerique
1093 3902 1216 3952 vestrum
1232 3894 1314 3950 allec-

285 3979 391 4036 tatione
414 3979 564 4052 aliquando
593 3989 622 4036 et
651 3981 782 4038 coelestia
805 3979 939 4037 adorandi
966 3979 1002 4036 ad
1025 3979 1093 4036 solis
1120 3987 1211 4036 ortum
1238 3978 1314 4034 labia

286 4065 412 4122 vibratis.
450 4067 547 4139 Aeque
565 4066 590 4122 si
608 4066 681 4121 diem
698 4067 766 4124 solis
788 4065 913 4123 laetitiae
935 4064 1127 4138 indulgemus,
1154 4064 1209 4121 alia
1230 4062 1313 4134 longe

285 4151 394 4210 ratione
412 4170 496 4224 quam
513 4152 547 4208 ds
564 4152 700 4225 religione
718 4153 795 4221 solis,
814 4154 934 4210 secundo
951 4151 1013 4210 1000
1031 4153 1067 4216 ab
1083 4151 1124 4208 eis
1140 4167 1243 4217 sumus,
1265 4150 1314 4221 qui

288 4237 362 4294 diem
385 4238 498 4296 Saturni
521 4239 579 4296 0110
604 4246 633 4294 11
656 4239 744 4296 victui
767 4239 930 4308 decernunt,
956 4238 1144 4298 exorbitantes
1168 4236 1314 4309 stipsis

284 4325 401 4396 judsioo
419 4343 504 4395 mors,
525 4344 608 4399 quem
625 4325 762 4397 ignotam.
