3276 5130
803 351 1039 416 -108-

431 525 480 610 10)
507 524 584 589 Non
613 534 661 588 est
688 545 799 604 causa,
833 544 893 588 cur
914 543 1098 602 sumemus,
1130 520 1334 587 Ezechielem
1366 519 1523 605 primum

344 633 429 696 hene
451 631 510 697 otii
533 629 693 696 sabbetici
715 631 875 696 rationem
898 629 1063 696 statuisse.
1091 667 1128 678 -
1157 636 1321 695 102103.

432 739 481 823 30)
516 737 656 804 Etiamsi
685 736 838 804 Ezechiel
870 759 942 803 eam
976 737 1172 803 sententium
1207 735 1406 816 invenisset,
1442 758 1523 800 non

344 846 458 910 liceret
480 846 695 927 contendere,
729 845 799 931 ejus
821 855 928 910 eetete
950 844 1078 912 sabbati
1099 855 1250 910 naturam
1273 843 1372 908 uliam
1395 842 1523 908 existi-

344 963 465 1018 matam
488 973 558 1018 esse
580 963 808 1036 utqueantea.
833 990 876 1001 -
903 961 973 1018 103.
996 961 1065 1018 104.

433 1065 483 1143 31)
509 1061 632 1126 Versus
647 1061 751 1126 Exod.
771 1067 820 1142 ³1,
845 1068 966 1124 16-17
983 1059 1171 1146 posterioris
1186 1059 1303 1124 aetatis
1317 1069 1397 1123 sunt
1411 1080 1516 1141 quam

345 1169 520 1248 Exod.20,
543 1175 577 1230 11
604 1177 637 1232 01
658 1166 695 1231 in
718 1166 859 1245 „librum
881 1167 1084 1233 sanctitatis“
1111 1166 1242 1247 inserti,
1275 1177 1454 1248 antequem
1485 1168 1515 1232 is

344 1275 380 1339 in
402 1275 524 1340 librum
545 1274 751 1340 elohisticum
779 1277 829 1359 (A,
854 1276 920 1360 PC)
947 1287 1095 1360 receptus
1118 1287 1178 1341 est.
1202 1311 1247 1322 -
1271 1283 1343 1339 104.
1366 1283 1435 1338 105.

435 1383 485 1466 32)
511 1381 649 1447 Etiamsi
672 1382 809 1466 scriptor
830 1382 906 1447 libn'
929 1382 1091 1448 elohistioi
1118 1386 1167 1465 (A,
1193 1383 1259 1465 PC)
1281 1382 1402 1467 primus
1429 1403 1501 1446 eam

346 1490 405 1555 otii
433 1489 591 1554 sabbatici
621 1488 781 1554 rationem
810 1489 994 1571 statuisset,
1028 1512 1126 1574 quam
1152 1490 1189 1554 in
1219 1489 1376 1574 decalogo
1398 1488 1496 1553 Exodi

346 1595 505 1681 legimus,
535 1616 603 1660 non
626 1595 738 1661 liceret
759 1607 918 1672 statuere,
948 1619 1024 1662 eum
1052 1598 1093 1662 de
1121 1597 1181 1663 otii
1203 1596 1363 1661 sabbatici
1391 1607 1498 1660 nature

346 1716 444 1786 atque
466 1703 659 1768 auctoritate
681 1703 777 1768 aliter
798 1705 973 1790 cogitasse,
1006 1726 1104 1788 quem
1131 1703 1239 1788 priore
1265 1715 1413 1788 tempore
1434 1725 1501 1787 pro·

344 1810 464 1910 phetae
488 1821 520 1875 et
541 1809 653 1896 legum
675 1811 820 1896 priorum
842 1811 1016 1896 scriptores
1038 1811 1262 1896 cogitaverint.
1287 1847 1330 1858 -
1357 1819 1430 1873 105.
