3310 5126
623 363 837 426 ..11-

146 532 235 598 unde
257 544 405 618 apparet,
432 535 640 600 sabbatorum
663 533 921 599 observationem
944 533 1071 600 dudum
1085 534 1189 600 fuisse
1203 535 1309 621 impe·

144 645 283 707 ratam¹.

232 749 327 814 Nihil
349 748 452 834 igitur
473 752 590 830 obstat,
615 747 790 834 quominus
805 749 922 815 Mosen
943 750 1127 832 sabbatum,
1148 749 1218 835 jam
1232 758 1308 815 ante

147 857 256 943 ipsum
278 857 489 940 distinctum,
514 867 645 922 tantum
666 856 862 922 instaurasse
885 858 1020 944 ejusque
1042 867 1194 922 naturam
1216 857 1309 942 quasi

147 964 323 1031 absolvisse
345 977 443 1050 atque
457 965 631 1051 perfecisse
654 964 859 1030 arbitremur.
900 965 997 1030 Certa
1019 985 1095 1030 vero
1117 976 1309 1052 argumenta

145 1073 272 1139 seilicet
293 1073 388 1154 talia,
420 1096 504 1159 quae
532 1073 619 1138 hano
648 1073 845 1139 sententiam
865 1074 1048 1140 necessarie
1070 1075 1303 1154 demonstrent,

145 1183 182 1246 in
203 1183 278 1248 Vet.
305 1183 515 1248 Testamento
537 1204 606 1246 non
627 1181 845 1267 reperiuntur.

230 1292 281 1356 Ao
311 1312 355 1356 ne
386 1290 449 1355 hoc
482 1288 614 1374 quidem
647 1289 850 1375 argumentis
884 1311 925 1354 ex
951 1290 1070 1356 Vetere
1100 1291 1308 1356 Testamento

143 1397 258 1482 petitis
284 1398 415 1484 probari
441 1405 566 1483 potest,
597 1397 766 1462 Hebraeos
801 1408 877 1462 ante
905 1397 1023 1464 Mosen
1048 1397 1307 1464 hebdomadibus

144 1528 221 1572 usos
239 1528 309 1572 esse
325 1505 423 1572 certis
446 1505 563 1572 diebus
585 1503 830 1590 incipientibus,
850 1528 987 1591 quarum
1002 1505 1139 1570 alteram
1153 1505 1308 1591 deinceps

144 1613 246 1678 altera
261 1623 373 1680 secuta
388 1613 442 1678 sit.
467 1613 554 1677 Nam
568 1612 605 1676 in
616 1613 704 1678 Gen.
721 1619 773 1695 29,
789 1620 827 1678 27
837 1634 886 1696 sq.
901 1614 1077 1679 admodum
1092 1613 1231 1680 dubium
1247 1625 1306 1697 est,

143 1743 227 1785 num
241 1715 328 1810 2³:25
350 1721 384 1785 h.
403 1744 432 1786 e.
452 1717 599 1804 ἕβδομός
615 1719 876 1805 „(Ta9)oiebeat“
893 1721 1057 1806 significet
1070 1722 1308 1787 hebdomadem

144 1838 275 1912 statam,
299 1851 338 1893 ac
356 1830 462 1895 multo
483 1827 707 1911 verisimilius,
732 1828 846 1894 Laban
867 1828 954 1893 nihil
974 1829 1066 1894 aliud
1080 1829 1146 1895 nisi
1162 1841 1308 1916 „septem

144 1936 236 2002 dies“
259 1937 402 2003 voluisse
424 1937 543 2003 dicere.

230 2047 357 2129 Itaque,
383 2055 421 2110 ut
442 2043 559 2126 firmis,
585 2043 613 2108 si
634 2043 738 2129 possit
751 2043 834 2128 fieri,
861 2045 1063 2130 argumentis
1076 2045 1251 2130 probemus
1273 2044 1308 2108 id

143 2154 232 2238 quod
254 2174 314 2219 nos
337 2175 469 2218 censere
493 2151 654 2235 diximus,
687 2151 794 2238 legem
817 2151 1010 2216 Sinaitieam
1038 2155 1211 2218 sabbatum
1238 2174 1308 2216 non

144 2271 184 2325 ut
211 2283 281 2326 rem
310 2261 445 2326 omnino
472 2283 593 2326 novam
623 2259 827 2342 instituisse,
866 2261 924 2325 sed
955 2259 1054 2325 etiam
1084 2271 1159 2324 ante
1190 2261 1307 2324 Mosen

146 2369 316 2433 Hebraeos
345 2371 477 2434 sabbata
504 2368 675 2450 habuisse,
708 2367 942 2452 inquirendum
969 2367 1065 2432 nobis
1099 2378 1159 2450 est,
1191 2367 1307 2432 fuerit-

147 2497 191 2539 ne
213 2476 300 2560 apud
329 2486 451 2540 ceteras
478 2488 592 2563 gentes
621 2475 741 2561 aliquis
771 2477 980 2541 sabbatorum
1008 2497 1087 2541 usus
1118 2475 1210 2560 isque
1239 2498 1307 2540 non

148 2583 296 2668 exemplo
317 2583 537 2649 Israelitarum
558 2595 632 2670 post
653 2585 771 2650 Mosen
793 2583 977 2650 institutus.

216 2773 238 2838 l)
259 2770 422 2827 Testimouii
439 2771 525 2844 hujus
542 2773 709 2830 narrationis
722 2772 890 2844 ambiguitas
906 2781 994 2839 tante,
1014 2779 1046 2827 ut
1063 2771 1216 2828 sententiae
1233 2771 1307 2827 viro·

143 2875 206 2912 rum
217 2857 359 2913 doctorum
369 2875 484 2930 prorsus
495 2859 650 2914 contrariae
662 2858 712 2914 illo
729 2859 863 2926 nitantur,
885 2859 1001 2914 duorum
1017 2857 1153 2914 librorum
1169 2857 1306 2913 narratio-

143 2944 227 3002 nibus
244 2944 274 3000 in
292 2961 378 3000 unum
396 2944 520 3002 confusis
531 2945 642 3002 videtur
659 2946 756 3002 effecte
773 2963 840 3003 esse
870 2944 934 3006 Qua
946 2945 980 3000 de
992 2963 1021 3000 re
1038 2944 1129 3000 fusius
1146 2943 1307 3015 disputandi

142 3029 221 3088 loeus
239 3050 294 3086 non
311 3039 363 3088 est.
