3276 5130
818 367 1034 428 ..94-

353 539 509 603 servitute
535 537 736 623 Aegyptiam
759 536 1001 601 liberatorum1.
1051 533 1170 619 Operis
1197 529 1383 615 quotidiani
1409 527 1526 593 inter-

346 645 458 710 missio
479 645 646 710 sabbatioa
667 655 921 708 monumentum
942 655 992 708 est
1011 641 1144 720 nlntis,
1175 662 1274 724 quam
1293 639 1422 702 Jehova
1454 657 1525 720 po-

345 752 423 837 pulo
445 774 505 816 suo
527 753 634 836 operis
656 751 830 816 servilibus
844 773 997 835 oppresso
1011 761 1191 836 paraverat.
1230 746 1385 816 Quietem
1401 753 1525 808 autem

345 859 545 926 sabbatioam
567 860 668 923 servis
688 857 847 944 impertiri
865 858 1027 942 jubentur
1048 856 1215 923 israelitae
1235 874 1406 930 memores,
1432 849 1524 936 ipsis

344 990 363 1030 a
385 968 458 1031 Deo
479 965 627 1050 requiem
648 965 781 1049 majoris
802 965 902 1049 pretii
923 977 1143 1049 comparatam
1164 985 1245 1028 eme.

431 1091 591 1156 Rationes
627 1091 734 1156 Exodi
766 1101 800 1154 et
828 1088 1078 1154 Deuteronomii
1114 1099 1189 1173 apte
1226 1088 1274 1152 sio
1309 1084 1518 1169 conjunges:

347 1198 473 1262 Jehova
487 1198 646 1263 Israelitis
667 1220 709 1262 ex
722 1200 872 1282 Aegypto
893 1197 1019 1262 eductis
1041 1198 1177 1261 sabbata
1199 1195 1302 1274 dedit,
1326 1205 1366 1257 ut
1386 1211 1520 1256 memo-

344 1307 428 1370 riam
449 1305 652 1370 bisentionis
680 1315 862 1370 servarent:
892 1304 1069 1388 septimum
1094 1317 1206 1368 autem
1233 1323 1398 1385 quemque
1425 1298 1517 1363 diem

317 1415 518 1477 -sabbatum
545 1434 617 1477 esse
644 1411 767 1492 voluit,
800 1412 889 1494 quod
917 1409 1098 1496 ispropter
1120 1411 1265 1493 quietem
1286 1432 1306 1474 a
1328 1410 1401 1472 Deo
1424 1429 1513 1472 erea-

345 1533 414 1583 tore
461 1531 589 1604 captam
627 1519 698 1602 jam
739 1519 867 1583 faustus
907 1539 1061 1600 moerque
1101 1518 1209 1583 faetus
1249 1527 1346 1582 esset.
1414 1517 1506 1580 Utra-

346 1649 410 1710 que
441 1639 553 1690 tamen
584 1647 643 1711 per
675 1648 711 1690 se
746 1625 826 1690 satis
859 1625 960 1709 plana
992 1635 1057 1688 est:
1097 1625 1200 1690 altera
1232 1625 1269 1689 in
1301 1624 1414 1687 Exodo
1446 1644 1502 1685 ex-

347 1734 453 1818 posita
478 1733 712 1818 complementi
732 1733 829 1817 plane
850 1755 920 1797 non
942 1745 1029 1818 eget,
1061 1732 1162 1796 altera
1188 1734 1353 1798 inoertom
1380 1730 1504 1813 quidem

345 1841 520 1924 relinquit,
552 1863 611 1905 our
638 1839 797 1924 septimus
827 1841 967 1922 quisque
1002 1840 1072 1904 dies
1100 1842 1274 1904 sabbatum
1302 1839 1432 1902 fastum
1456 1835 1507 1916 sit,

348 1950 406 2013 sed
428 1949 499 2032 ejus
520 1949 569 2013 rei
592 1947 846 2013 declarationem
867 1947 1030 2026 homines,
1055 1947 1113 2030 qui
1134 1950 1271 2012 sabbata
1291 1969 1312 2011 s
1332 1945 1513 2030 majoribus

345 2069 383 2119 ut
404 2078 474 2120 rem
495 2056 625 2140 pridem
646 2065 764 2118 statam
785 2066 989 2139 soeeperant,
1012 2054 1222 2138 requisivisse
1242 2075 1312 2118 non
1337 2053 1514 2128 videntu13

344 2164 431 2227 siout
447 2163 518 2247 jam
538 2163 643 2227 Mosis
664 2174 819 2246 tempore,
845 2183 949 2244 quum
970 2161 1129 2246 septimus
1150 2162 1291 2245 quisque
1318 2161 1390 2224 dies
1414 2158 1519 2223 etiam

345 2282 441 2334 antea
463 2279 551 2334 certe
574 2269 716 2353 insignis
737 2269 872 2333 habitus
895 2279 991 2348 esset,
1016 2268 1087 2352 ejus
1108 2268 1157 2333 rei
1179 2269 1344 2332 rationem
1358 2289 1430 2331 non
1445 2287 1518 2330 esse

346 2378 561 2442 desideratam
582 2375 753 2460 probabile
767 2377 848 2440 est².
886 2376 1002 2457 Itaque
1022 2387 1163 2459 utraque
1184 2376 1270 2440 ratio
1290 2374 1459 2460 principio
1483 2373 1520 2436 in

346 2485 502 2569 decalogo
522 2484 630 2568 posita
651 2483 754 2548 fuisse
773 2493 893 2567 potest,
918 2483 1020 2546 altera
1040 2485 1154 2566 (Exod.
1174 2491 1230 2561 20,
1251 2485 1299 2565 11)
1325 2482 1517 2566 perfectior,

345 2591 447 2655 altera
481 2592 592 2674 [Dent.
618 2599 648 2671 5,
677 2593 724 2673 15)
764 2590 876 2653 minus
913 2589 1046 2672 quidem
1075 2591 1240 2669 absoluta,
1273 2611 1390 2653 verum
1420 2589 1522 2652 satis-
1628 2659 1629 2672 χ

345 2698 470 2761 faciens
490 2699 567 2760 usui
587 2698 761 2762 hominum
782 2708 863 2760 tuno
884 2697 1080 2760 viventium.

432 2822 507 2884 Jam
529 2821 710 2904 quaeritur,
734 2831 807 2883 utra
827 2841 942 2903 reapse
963 2820 1000 2883 in
1022 2821 1177 2905 deoalogo
1202 2820 1403 2904 aprinoipio
1419 2819 1524 2884 fuerit

345 2939 402 2991 aut
422 2928 531 3012 priore
551 2941 699 3012 tempore
719 2927 757 2989 in
778 2948 855 2990 eum
875 2926 999 2990 inserta
1020 2927 1074 2991 sit.

431 3051 602 3116 Facillime
623 3052 660 3114 in
681 3050 830 3114 animum
859 3050 979 3114 incidit
1006 3050 1088 3114 haee
1116 3051 1242 3135 opinio.
1294 3051 1518 3136 Deoalogum,

345 3160 403 3242 qui
424 3171 475 3223 est
495 3159 533 3222 in
553 3157 823 3237 Deuteronomio,
847 3159 985 3242 soriptor
1005 3167 1116 3242 aperte
1138 3158 1221 3222 dicit
1242 3180 1315 3222 esse
1336 3159 1523 3244 repetitum
1628 3205 1629 3244 ,

344 3267 497 3350 priorem,
523 3288 621 3348 quem
644 3287 714 3329 eme
736 3265 889 3343 eundem,
914 3265 972 3348 qui
993 3265 1029 3328 in
1050 3265 1167 3329 Exodo
1190 3266 1334 3350 scriptus
1356 3275 1425 3346 est,
1450 3265 1524 3328 eol-
1628 3247 1629 3328 l

345 3374 469 3437 latione
490 3373 636 3437 looorum
658 3372 794 3436 omnino
813 3373 982 3456 probatur.
1027 3371 1194 3457 Deoalogo
1217 3385 1331 3436 antem
1352 3373 1524 3436 Deutero-
1628 3365 1629 3370 ¹

345 3480 449 3543 nomii
471 3480 659 3543 invenimus
681 3478 862 3563 compluria
885 3480 983 3541 verba
998 3478 1131 3558 inserta,
1157 3479 1294 3562 quaein
1309 3481 1427 3544 Exodo
1448 3501 1523 3542 non
1628 3465 1629 3494 ¹

418 3756 437 3816 1,
458 3750 503 3805 (li.
518 3750 716 3816 Dillmann,
737 3751 827 3806 ΕΜ.
844 3769 874 3803 u.
893 3752 970 3812 Iam,
988 3768 1017 3821 p.
1031 3753 1096 3814 21&
1121 3751 1223 3816 leil,
1248 3754 1346 3806 Gaas.
1361 3770 1392 3806 s.
1412 3753 1519 3814 Eme..

343 3857 371 3909 p.
383 3841 443 3890 515.
478 3835 572 3892 Aliter
591 3836 777 3892 Delitsseli
800 3835 831 3889 in
855 3837 984 3890 mr.
997 3836 1168 3906 sari-am.
1194 3837 1356 3892 ΨΜ.
1375 3856 1404 3890 a.
1422 3837 1523 3890 ts'relt
1628 3871 1629 3876 κ

344 3926 433 3980 Μαι
453 3925 520 3976 1882
538 3939 566 3992 p.
581 3924 640 3974 292

414 4030 435 4089 2]
459 4025 538 4080 Licet
556 4025 639 4078 etiam
656 4024 776 4089 eredere,
795 4022 879 4077 sliam
896 4040 962 4087 rem,
983 4023 1017 4076 de
1035 4039 1090 4092 qus
1105 4022 1173 4078 libri
1183 4025 1247 4079 Vot.
1261 4026 1434 4080 Testamenti
1446 4026 1522 4080 nihil

342 4113 480 4185 produnt,
511 4111 629 4165 fortasse
656 4110 764 4164 numeri
786 4108 937 4178 septenarii
960 4108 1147 4172 sanctitatem,
1174 4109 1315 4164 Israelitis
1338 4113 1521 4168 sabbatorum

342 4200 479 4254 rationem
495 4197 691 4268 reputantibus
707 4196 795 4250 risam
812 4211 873 4248 esse
891 4210 1010 4258 esuum,
1029 4211 1078 4247 sur
1095 4194 1231 4264 septimus
1248 4197 1367 4267 quinque
1380 4198 1443 4252 diu
1455 4199 1521 4252 „b-

342 4288 438 4339 batum
455 4293 536 4336 enei.
1156 4303 1159 4306 ·
