3310 5126
616 360 661 370 .-
706 325 744 386 17
788 359 832 370 .-

226 495 437 560 Planetarum
459 494 554 559 illum
576 493 724 558 ordinem
745 494 789 578 Θ
813 491 901 577 ([(31
927 491 953 578 Q
978 491 1015 578 21Γ
1039 492 1068 578 Q
1093 493 1143 578 l),
1176 494 1232 579 qui
1255 505 1304 559 est
1351 566 1353 581 ,

14 627 18 634 ·
138 603 176 666 in
191 614 318 687 septem
340 601 469 702 dierum
492 599 723 687 appellatione,
748 621 850 684 quum
872 621 1034 683 nusquam
1055 600 1135 665 alibi
1156 611 1303 686 repertus

137 733 199 795 per
229 732 263 774 se
293 731 391 794 quam
418 708 522 793 possit
549 709 669 774 habere
698 707 940 788 auctoritatem,
976 707 1119 793 intelligi
1148 720 1299 793 nequeat,

138 817 371 902 aliquomodo
395 839 436 882 ex
457 817 523 881 alio
550 817 663 882 ordine
695 817 873 880 deductum
902 837 970 880 esse
999 826 1100 901 patet.
1147 818 1190 882 Et
1218 841 1304 882 unus

137 937 274 990 tantum
296 935 360 1006 est,
388 947 429 989 ex
450 947 514 1008 quo
537 925 613 990 duci
634 923 752 1010 possit,
778 922 874 987 illum
903 923 989 1004 dico,
1017 924 1074 1008 qui
1092 923 1162 1009 jam
1182 926 1306 1011 Pytha-

139 1056 241 1120 gorae
256 1033 332 1115 fuit,
358 1053 456 1116 quem
471 1033 619 1097 docuisse
634 1033 770 1096 tradunt
781 1035 800 1113 ¹,
828 1033 958 1096 Lunam
979 1042 1082 1097 terrae
1105 1056 1174 1100 esse
1194 1036 1305 1120 proxi-

138 1163 246 1222 mam,
281 1140 435 1224 deinceps
457 1139 676 1222 Mercurium,
701 1151 772 1204 tum
795 1140 975 1221 Venerem,
1002 1141 1127 1222 Solem,
1151 1144 1302 1226 Martem,

139 1251 270 1330 Jovem,
296 1251 476 1314 Saturnum
498 1247 602 1332 sequi,
627 1268 725 1331 quam
747 1247 789 1310 ad
811 1247 1007 1312 sententiam
1023 1271 1098 1312 eum
1113 1250 1303 1333 celeritates,

141 1355 265 1440 quibus
302 1355 455 1440 planetae
492 1355 620 1420 coelum
656 1365 866 1438 percurrunt,
907 1357 1094 1421 observatae
1131 1359 1307 1422 adduxisse

142 1463 309 1527 videntur.
364 1463 517 1528 Eundem
546 1463 751 1548 planetarum
781 1463 928 1526 ordinem
957 1485 1027 1528 esse
1056 1475 1167 1549 postea
1196 1465 1308 1530 Ptole-

142 1593 258 1636 maeus
286 1571 411 1636 statuit.
458 1572 509 1634 Ex
531 1591 569 1634 eo
592 1569 764 1634 nominum
793 1569 908 1634 dicbus
929 1569 1143 1637 hebdomadis
1173 1571 1308 1657 imposi-

143 1691 256 1745 torum
279 1680 356 1743 ordo
377 1679 501 1763 pendet
521 1676 585 1742 hoc
606 1677 722 1754 modo:
752 1677 896 1762 primum
921 1677 1011 1744 illius
1041 1679 1165 1744 ordinis
1193 1681 1308 1766 plane·
1425 1693 1431 1720 ·

145 1799 214 1852 tam
237 1787 274 1850 in
295 1787 499 1852 hebdomade
521 1785 669 1870 sequitur
684 1783 831 1868 ejusdem
846 1786 969 1852 ordinis
985 1787 1128 1870 quintus,
1156 1789 1308 1872 quintum

147 1896 312 1960 secundus
340 1895 392 1979 (=
413 1916 539 1974 nonus,
574 1891 702 1976 quoties
731 1892 819 1956 enim
848 1894 884 1958 in
906 1896 1108 1959 numerando
1138 1898 1179 1960 ad
1208 1899 1309 1962 finem

148 2003 243 2067 seriei
264 2003 412 2084 veneris,
444 2004 485 2066 ab
508 2000 604 2066 initio
627 2023 740 2064 rursus
770 2001 998 2086 incipiendum
1021 2005 1094 2089 est),
1128 2005 1309 2070 secundum

147 2122 278 2192 sextris,
303 2121 435 2175 sextum
457 2109 574 2174 tertius
602 2108 653 2193 (=
669 2107 827 2194 decimus)
854 2120 927 2190 etc,
955 2110 1007 2174 vel
1029 2111 1143 2177 ordine
1165 2111 1306 2194 inverso,

148 2219 195 2282 ita
209 2229 249 2282 ut
264 2219 426 2286 Saturnus
440 2217 592 2303 primum,
620 2218 715 2280 Luna
729 2215 887 2279 ultimurn'
899 2215 1008 2282 locum
1022 2230 1142 2300 teneat,
1167 2219 1310 2304 primum

151 2325 300 2408 sequitur
322 2335 473 2409 quartus,
505 2334 657 2408 quartum
678 2323 855 2407 septimus,
888 2326 1065 2409 septimum
1094 2327 1210 2392 tertius
1238 2327 1310 2412 pla-

150 2442 228 2496 neta
250 2441 311 2496 etc.
350 2435 466 2516 Itaque
488 2443 544 2496 aut
567 2430 701 2497 Saturni
723 2429 793 2494 dies
816 2441 873 2496 aut
887 2433 1003 2498 Lunae
1025 2445 1075 2500 est
1094 2435 1310 2500 hebdomadis

151 2538 292 2624 primus,
326 2550 359 2604 et
387 2540 415 2605 si
444 2540 500 2604 ille
529 2551 595 2623 est,
636 2537 785 2622 sequitur
814 2539 883 2604 dies
912 2541 1001 2605 tertii
1028 2553 1102 2628 post
1132 2543 1310 2607 Satmnum

151 2647 310 2732 planetae,
338 2648 390 2712 sin
411 2648 474 2729 hic,
501 2647 650 2732 sequitur
673 2647 781 2732 quarti
802 2657 877 2731 post
897 2648 1037 2712 Lunam.

235 2756 300 2821 Dio
324 2757 454 2822 Cassius
462 2759 485 2838 ²,
518 2756 576 2840 qui
604 2756 666 2820 hac
693 2756 791 2820 dere
818 2755 944 2840 prolixe
973 2757 1145 2839 disseruit,
1177 2757 1311 2823 Saturni

149 2865 237 2928 diem
258 2865 363 2950 primo
385 2864 458 2930 loco
479 2865 574 2949 ponit
596 2874 629 2929 et
650 2865 748 2929 tertio
768 2873 843 2948 post
859 2864 1037 2930 Saturnum
1057 2865 1208 2950 planetae
1224 2867 1311 2931 diem

147 2973 333 3055 proximum
356 2973 438 3038 dicit
459 2973 582 3038 idcirco
604 2973 758 3053 attribui,
792 2982 850 3036 aut
872 2972 959 3056 quod
985 2972 1021 3036 in
1050 2995 1167 3038 vocum
1195 2975 1312 3039 discri-

148 3080 295 3145 minibus
324 3080 525 3146 musicorum
558 3079 759 3145 diatessaron
792 3079 836 3144 sit
865 3079 1126 3165 insignissimum
1156 3120 1198 3130 -
1225 3102 1311 3167 ¹quae

150 3188 283 3271 quidem
306 3188 419 3273 opinio
440 3210 557 3272 parum
584 3187 668 3252 mihi
697 3187 820 3252 arridet
845 3224 901 3268 -‚
942 3198 999 3253 aut
1027 3190 1113 3272 quod
1143 3188 1307 3273 astrologi,

151 3295 332 3359 Saturnum
353 3295 478 3380 primae
500 3297 552 3360 sui
581 3296 648 3362 diei
675 3296 774 3361 horae
799 3315 962 3379 praeesse,
994 3294 1108 3359 Jovem
1135 3297 1309 3376 secundae,

149 3402 292 3467 Martem
314 3403 441 3485 tertiae,
467 3403 576 3468 Solem
598 3415 741 3489 quartae,
767 3403 928 3468 Venerem
944 3400 1086 3485 quintae,
1112 3403 1313 3468 Mercurium

151 3521 272 3593 sextae,
299 3510 429 3575 Lunam
452 3511 620 3596 septimae,
645 3535 758 3578 rursus
782 3514 960 3578 Saturnum
983 3522 1114 3578 octavae
1136 3523 1313 3597 posteaque

152 3618 287 3701 quintae
310 3617 471 3700 decimae,
504 3619 676 3684 vicesimae
698 3619 807 3703 alteri,
837 3622 953 3686 Jovem
980 3632 1090 3685 sextae
1113 3619 1258 3686 decimae
1281 3631 1314 3684 et

152 3723 326 3789 vicesimae
347 3723 462 3789 tertiae
484 3736 546 3790 etc.
569 3735 718 3810 praeesse
740 3729 816 3810 rati,
850 3729 1051 3810 invenerint,
1084 3727 1209 3813 primae
1237 3750 1314 3813 pro-

151 3831 234 3895 ximi
257 3832 323 3896 diei
345 3832 444 3897 horae
465 3855 594 3918 praesse
611 3836 735 3900 Solem:
762 3837 876 3921 eadem
898 3837 939 3900 de
961 3858 1058 3900 causa
1077 3836 1211 3915 tertium
1226 3837 1314 3900 diem

152 3940 278 4021 Lunae,
304 3950 457 4024 quartum
478 3943 579 4006 Marti
607 3944 743 4008 attribui
770 3955 833 4009 etc.
886 3945 961 4008 Hac
986 3943 1113 4008 ratione
1141 3942 1314 4008 nominum

152 4058 278 4132 septem
300 4048 429 4112 dierum
450 4073 470 4114 a
491 4051 635 4115 naturali
649 4052 855 4136 planetarum
869 4051 953 4116 serie
969 4053 1193 4118 ducendorum
1208 4050 1315 4135 aptior

223 4213 248 4276 1)
267 4209 340 4266 Plin.
357 4211 384 4266 h.
403 4231 430 4267 n.
447 4214 477 4268 11
496 4217 557 4269 22s.
579 4217 621 4267 20.
642 4217 710 4283 §St
742 4214 883 4271 censorin.
902 4215 936 4270 de
955 4215 1000 4272 die
1017 4223 1074 4271 nat.
1092 4233 1114 4269 c.
1129 4217 1169 4268 13.

222 4299 249 4362 2)
268 4297 373 4352 Rerum
390 4298 471 4354 Rom.
491 4299 540 4355 lib.
555 4299 694 4356 XXXVII
715 4303 755 4354 18.
777 4305 817 4356 19.

206 4399 285 4450 nora,
300 4401 396 4442 historia
411 4402 504 4444 sabana.
1092 4406 1107 4455 2
