3276 5130
589 1145 744 1266 oopus
769 1185 829 1253 11.

658 1353 761 1361 —---

215 1455 383 1538 Sequitur,
409 1464 448 1518 ut
469 1453 647 1535 videamus,
674 1451 948 1537 quemadmodum
970 1451 1105 1514 sabbata
1126 1451 1169 1518 ab
1184 1451 1290 1514 Israe-

130 1561 196 1626 litis
219 1562 358 1626 diversis
380 1561 582 1646 temporibus
605 1560 767 1627 celebrata
788 1557 865 1624 sint.
905 1557 981 1622 Hoc
1002 1558 1135 1641 quidem
1150 1566 1286 1638 constat,

132 1691 255 1755 semper
269 1671 310 1734 ab
325 1667 394 1732 illis
416 1668 588 1749 creditum,
613 1667 680 1732 otio
703 1687 773 1730 esse
795 1667 929 1730 sabbata
951 1664 1292 1760 distinguendazdu-

132 1777 222 1840 bium
243 1797 319 1840 vero
342 1785 401 1857 est,
426 1796 508 1838 num
525 1775 595 1860 jam
616 1773 694 1838 inde
717 1773 854 1838 aMosis
876 1783 982 1837 aetate
1004 1771 1167 1857 graviores
1185 1770 1290 1836 omnis

136 1883 259 1968 generis
280 1883 410 1947 labores
432 1884 565 1946 sabbato
593 1881 808 1946 intermittere
836 1879 998 1944 universis
1020 1878 1176 1944 Israelitis
1197 1899 1291 1962 prae·
1404 1903 1407 1908 ·

137 1989 286 2074 scriptum
307 1988 418 2071 fuerit,
443 2011 487 2052 an
507 1989 670 2073 prioribus
692 1988 830 2053 saeculis
852 1987 995 2052 solorum
1021 1985 1237 2072 agricolarum
1259 1995 1292 2050 et

139 2095 267 2162 sortasse
291 2097 446 2182 opificum
475 2117 545 2160 mos
573 2096 674 2160 fuerit
700 2094 844 2160 sabbatis
874 2093 986 2176 otiari,
1021 2114 1103 2176 quae
1133 2102 1182 2156 est
1209 2089 1292 2154 Julii

142 2203 423 2270 Wellbauseni
445 2203 609 2268 sententia
631 2201 789 2268 dicentis1
814 2223 842 2266 e.
861 2223 907 2266 c.:
934 2250 969 2281 „.
992 2251 999 2266 .
1021 2250 1056 2267 ..
1081 2201 1137 2265 der
1152 2196 1293 2265 Sobbotla

239 2310 301 2375 aaa
328 2310 541 2396 Einrichtuaq
575 2309 704 2394 speciali
719 2310 787 2396 fiir
818 2310 879 2374 den
907 2310 1108 2390 Achorboffl,
1146 2309 1293 2391 „Herpe-

150 2416 252 2482 brooht
271 2417 384 2483 saddai
406 2419 473 2483 oisc
495 2439 556 2482 aar
577 2417 627 2482 die
642 2416 843 2501 Eatholtuaq
864 2439 922 2482 oon
945 2413 1207 2482 der'Feldorbeit
1228 2413 1295 2480 aad

147 2522 290 2589 vielleioht
309 2547 366 2590 oon
387 2527 444 2590 der
461 2524 723 2609 prffesaionellea
737 2523 925 2606 Horatirunp
944 2543 1082 2608 genesen
1103 2544 1142 2586 aa
1163 2520 1261 2586 sain“.

222 2631 473 2716 Antiquissimos
504 2631 636 2714 quidem
659 2631 734 2696 Vet.
759 2631 960 2697 Testamenti
974 2631 1080 2714 locos,
1112 2629 1293 2713 quibusda

141 2740 263 2805 sabbam
285 2739 406 2826 agitur,
432 2739 468 2802 in
490 2738 715 2804 Pentateucho
743 2737 848 2804 inesse
877 2737 973 2804 nobis
1002 2759 1194 2823 persuasum
1223 2748 1288 2804 est:

137 2867 232 2928 quum
253 2869 330 2912 vero
353 2848 394 2912 de
416 2846 632 2932 plurimarum
654 2845 724 2930 ejus
745 2847 821 2911 libri
843 2846 987 2932 partium
1008 2847 1135 2933 origine
1165 2856 1294 2910 contro-

135 2953 253 3018 versiae
277 2954 345 3018 sint
365 2955 515 3018 nondum
537 2953 710 3037 diremtae‚
742 2976 807 3020 non
831 2954 899 3019 illis
921 2953 1083 3040 principio
1106 2976 1143 3019 ac
1173 2953 1293 3017 funda-

134 3071 240 3126 mento
257 3060 492 3149 disputationis
506 3061 667 3126 utendum
690 3072 748 3143 est,
774 3062 831 3126 sed
853 3061 959 3148 primo
975 3083 1058 3144 quae
1079 3060 1156 3124 libri
1178 3081 1197 3122 a
1218 3079 1294 3142 pro·

132 3168 237 3252 phetis
262 3179 296 3234 et
318 3168 391 3233 aliis
411 3190 520 3234 rerum
541 3167 754 3253 scriptoribus
776 3167 890 3252 scripti
906 3169 945 3232 de
960 3167 1102 3232 sabbatis
1117 3163 1294 3230 observatis

131 3278 272 3360 prodant
295 3286 327 3341 et
350 3278 390 3341 de
412 3273 580 3341 servandis
602 3275 810 3357 admoneant,
836 3275 1070 3340 consideranda
1092 3283 1180 3338 sunt.

214 3383 442 3450 Pentateucho
478 3382 580 3468 igitur
617 3381 737 3446 omisso
769 3382 1035 3466 antiquissimum
1067 3381 1192 3460 locum,
1229 3399 1293 3461 quo

131 3494 304 3558 sabbatum
332 3499 541 3571 memoratur,
574 3488 610 3552 in
632 3489 772 3553 Amasi
800 3489 976 3574 prophetae
1005 3487 1089 3554 libro
1114 3486 1294 3572 reperimus

136 3600 174 3679 (8,
196 3608 230 3662 4.
251 3600 295 3682 5);
322 3597 482 3664 Audite
504 3596 597 3678 hoc,
617 3595 685 3681 qui
707 3594 888 3662 inhiatis
909 3617 1130 3683 pauperem
1152 3605 1296 3662 etstu·

132 3706 247 3770 detis
268 3705 441 3792 perdere
469 3705 653 3770 humiles
682 3715 832 3770 terrae.
877 3704 1078 3771 Dicentes
1102 3703 1295 3783 „Quando

131 3813 412 3897 praeterierit
434 3811 524 3878 dies
545 3835 677 3878 novae
700 3812 842 3895 lunae,
867 3813 1296 3878 utfrumentumven-

133 3921 336 4002 ditemus,
363 3932 403 3985 et
424 3923 660 4003 sabbatum,
687 3932 731 3986 ut
752 3942 957 3986 annonam
978 3919 1291 3984 venumdemus:

132 4029 374 4094 minuentes
397 4029 504 4114 epha
527 4039 565 4094 et
586 4040 792 4113 augentes
814 4023 1297 4095 siclumetlibraefrau·

134 4135 332 4202 dulentas
360 4136 626 4202 inclinantes
654 4136 832 4202 lances“.
886 4137 936 4201 Ex
967 4156 1030 4219 quo
1056 4130 1292 4218 cognoscimus,

206 4309 227 4373 1)
253 4308 407 4363 Gasobiohte
425 4308 537 4375 Israels,
558 4309 645 4364 1117.
661 4309 718 4361 118.
