3310 5126
815 338 1029 398 ..20-

340 505 511 591 reperitur.
559 507 656 574 Quod
677 505 730 569 his
753 505 895 570 efficitur
924 505 1142 591 argumentis:
1176 505 1252 570 Sint
1281 505 1339 570 illa
1367 507 1503 570 nomina

340 614 467 678 dierum
490 613 664 698 aplanetis
687 613 785 678 ducta
800 614 925 698 priscae
941 613 1125 678 vetustatis.
1165 613 1296 698 Ecquae
1311 613 1375 678 fuit
1390 635 1497 694 causa,

340 743 439 804 quare
473 721 543 786 dies
576 721 710 786 Saturni
739 743 815 806 prae
850 721 965 786 ceteris
998 721 1139 806 insignis
1169 721 1363 786 haberetur?
1411 723 1502 786 Num

340 830 500 893 Saturnus
523 840 562 893 ut
585 830 665 894 deus
689 850 858 913 supremus
881 829 988 894 cultus
1011 833 1082 894 esti
1131 830 1198 894 Cur
1227 830 1329 914 igitur
1356 829 1503 895 Hebraei

340 937 473 1001 Saturni
488 937 575 1002 diem
598 936 714 1002 ceteris
736 937 973 1022 praetulerint?
1010 937 1140 1006 Quibus
1154 938 1202 1002 sic
1217 938 1413 1002 occurritur:
1440 939 1503 1003 etsi

339 1067 407 1108 non
429 1044 563 1108 omnino
585 1045 809 1110 nobilissimus
832 1045 966 1110 Saturni
988 1046 1057 1110 dies
1079 1045 1212 1110 habitus
1234 1057 1296 1128 est,
1324 1055 1410 1110 certe
1432 1047 1503 1110 dies

340 1153 398 1218 otii
420 1153 516 1218 facile
537 1153 645 1238 potuit
666 1153 749 1236 fieri,
776 1175 878 1236 quum
901 1155 1060 1218 Saturnus
1083 1154 1200 1218 aetatis
1222 1175 1351 1236 aureae,
1383 1154 1502 1236 laboris

260 1297 263 1304 ι
339 1260 489 1326 molestia
511 1261 669 1342 vacantis,
701 1283 758 1325 rex
783 1261 884 1325 fuisse
914 1262 1087 1327 diceretur.
1139 1265 1184 1325 At
1211 1262 1275 1327 ista
1302 1263 1502 1328 Graecorum

340 1381 372 1434 et
394 1372 618 1434 Romanorum
639 1369 750 1433 fabula
772 1391 880 1453 neque
903 1371 991 1455 apud
1014 1379 1127 1456 gentes
1152 1369 1337 1452 Semiticas,
1358 1371 1416 1434 ubi
1431 1372 1503 1434 He-

338 1481 511 1543 braeorum
533 1476 761 1542 institutorum
786 1477 912 1543 radices
940 1478 1148 1563 potissimum
1177 1487 1256 1541 sunt
1286 1479 1499 1561 quaerendae,

339 1587 511 1672 reperitur,
536 1607 644 1668 neque
666 1585 753 1670 apud
776 1586 966 1670 Aegyptios,
994 1585 1050 1670 qui
1073 1586 1236 1650 Hebraeis
1258 1595 1346 1652 certe
1368 1586 1504 1672 propin-

341 1695 469 1777 quiores
492 1703 569 1757 sunt
591 1715 688 1777 quam
711 1693 958 1778 Indogermani,
1494 1688 1496 1696 ’

426 1813 598 1876 Praeterea
619 1833 727 1895 neque
751 1807 883 1897 Κρόνος
906 1811 1107 1876 Graecorum
1128 1831 1236 1894 neque
1259 1811 1420 1876 Saturnus
1436 1813 1505 1876 Ro-

341 1941 513 1985 manorum
534 1919 696 2003 principio
719 1939 794 1982 cum
815 1915 947 2003 planeta
969 1918 1131 2003 posterius
1152 1918 1215 1983 hoc
1237 1919 1370 1983 nomine
1393 1919 1506 2004 appel-

339 2027 406 2092 lato
428 2027 497 2091 ullo
520 2027 585 2090 fuit
607 2026 738 2090 vinculo
770 2025 976 2111 conjunctus.
1023 2026 1179 2090 Planetae
1210 2026 1299 2090 euim
1327 2024 1505 2092 a'Graeois

340 2137 445 2221 primo
457 2131 644 2223 φωσφόρος
658 2132 821 2221 (ἕσπερος)
835 2165 877 2190 =
893 2135 939 2221 Ω,
960 2135 1106 2219 στίλβων
1120 2164 1162 2190 --
1179 2133 1225 2220 S,
1242 2132 1384 2222 πυρόεις
1394 2166 1437 2190 =
1449 2137 1501 2219 ἅ,

271 2261 276 2284 ‘
341 2248 487 2331 φαέθων
502 2273 544 2298 --
557 2242 608 2329 S„
642 2245 776 2329 φαίνων
796 2243 891 2330 :⁴9
918 2243 1189 2308 nominabantur:
1220 2252 1350 2326 postero
1372 2244 1505 2308 demum

340 2363 495 2437 tempore,
519 2361 692 2435 postquam
707 2351 845 2416 Plato¹
868 2351 971 2416 semel
984 2351 1141 2416 Mercurii
1155 2351 1322 2436 planetam
1337 2348 1397 2418 τὸν
1413 2347 1505 2437 ἱερὸν

337 2454 459 2545 Ἑρμοῦ
474 2455 656 2543 λεγόμενον
671 2459 808 2540 dixerat,
826 2460 914 2542 apud
928 2459 1232 2524 Aristotelem²
1246 2459 1390 2543 primum
1406 2458 1504 2523 ceteri

340 2567 491 2652 planetae
521 2567 655 2630 deorum
677 2567 867 2632 nominibus
889 2567 1072 2652 nuncupati
1099 2566 1326 2648 inveniuntur,
1358 2566 1437 2630 inde
1466 2588 1505 2629 ea

341 2675 476 2742 namma
506 2695 712 2738 communem
741 2675 778 2738 in
806 2697 903 2739 usum
933 2679 1127 2740 venerunt³.
1173 2677 1283 2759 Atque
1312 2673 1505 2760 priusquam

342 2783 477 2850 Saturni
497 2777 650 2868 (Κρόνον)
677 2803 798 2846 nomeu
820 2783 952 2866 planeta
974 2783 1132 2867 septimus
1155 2784 1290 2869 accepit,
1315 2783 1408 2847 nulla
1428 2803 1507 2868 pro-

341 2891 427 2956 fecto
450 2912 525 2954 cum
548 2911 585 2953 eo
608 2890 724 2954 aetatis
747 2889 941 2974 praeteritae
963 2890 1119 2954 felicioris
1148 2891 1305 2956 memoria
1333 2890 1399 2954 fuit
1426 2911 1505 2954 con-

338 2999 465 3084 juncta.
521 2996 679 3066 Quinimo
709 2997 807 3062 etiam
834 2998 1012 3082 posteriore
1041 3008 1186 3084 tempore
1216 3021 1344 3084 semper
1371 2997 1505 3061 habitus

343 3119 393 3173 est
415 3107 506 3172 sidus
529 3105 765 3188 tristissimum,
790 3105 928 3190 ideoque
951 3106 1020 3170 dies
1044 3106 1114 3190 ejus
1137 3108 1179 3171 ad
1201 3108 1393 3172 servandam
1415 3117 1505 3170 aeta-

342 3212 385 3278 tis
408 3234 524 3278 aureae
547 3214 805 3280 recordationem
826 3214 963 3278 minime
985 3223 1080 3298 aptus
1103 3215 1178 3280 fuit.

428 3341 534 3404 Ferd.
548 3343 656 3404 Baur
669 3341 847 3405 Satan-num
857 3340 1023 3426 planetam
1034 3340 1162 3405 censuit
1173 3339 1294 3404 idcirco
1307 3339 1366 3404 otii
1377 3339 1505 3404 stellam

343 3445 455 3528 luisse,
475 3448 562 3530 quod
577 3448 606 3512 is
620 3448 707 3513 inter
721 3449 869 3534 planetas
880 3447 1069 3533 longissime
1081 3449 1207 3513 distans
1218 3471 1238 3511 a
1248 3459 1333 3512 terra
1342 3448 1505 3514 sideribus

343 3553 440 3617 certis
462 3553 543 3618 locis
565 3555 676 3620 infixis
699 3556 752 3620 vel
781 3557 871 3620 coelo
901 3556 966 3640 ipsi
998 3567 1084 3620 esset
1112 3555 1280 3640 proximus
1310 3579 1347 3620 ac
1376 3557 1505 3620 medius

344 3660 432 3725 inter
453 3663 536 3726 fines
558 3684 667 3726 rerum
688 3673 781 3727 motu
802 3674 960 3748 perpetuo
983 3643 1180 3748 agitatamm
1203 3673 1235 3728 et
1257 3685 1365 3728 rerum
1387 3663 1505 3728 immo-

342 3767 461 3832 bilium
483 3769 519 3831 in
540 3780 673 3834 aeterna
695 3771 932 3854 tranquillitate
954 3771 1229 3856 permanentium,
1255 3794 1352 3855 quam
1374 3774 1415 3836 ob
1434 3793 1505 3835 rem

343 3877 431 3960 apud
454 3899 529 3941 eum
552 3877 645 3960 quasi
667 3877 776 3943 aditus
799 3890 884 3944 asset
906 3879 988 3944 arcis
1011 3879 1171 3944 coelestis.
1209 3881 1255 3944 At
1276 3880 1357 3944 haec
1378 3878 1506 3945 Bauri

343 3985 454 4069 potius
476 3985 641 4050 sententia
669 4007 739 4050 esse
768 3986 899 4052 videtur
928 4009 1026 4070 quam
1055 3987 1250 4072 populorum
1280 3987 1503 4072 antiquorum,

415 4228 437 4292 l)
458 4226 588 4280 Timaeus
605 4244 668 4298 pag.
683 4228 734 4280 319
752 4227 794 4282 ed.
812 4226 873 4298 Bip.
978 4231 1003 4296 2)
1020 4228 1144 4298 Mataph.
1163 4229 1220 4282 XII
1238 4232 1262 4283 8.
1359 4179 1383 4276 .-

414 4314 438 4377 3)
458 4313 491 4366 E.
505 4329 527 4366 c.
545 4313 618 4383 apud
636 4313 856 4378 Eratosthenem,
878 4312 1031 4369 Geminum.
