3310 5126
806 325 1020 386 ...34-

332 497 442 578 Atque
475 493 635 560 alacer.
672 493 768 558 dcam
790 494 914 560 Mersit
941 511 1013 560 esse
1043 495 1204 578 quomodo
1233 496 1431 579 probatur¹l
1461 504 1494 559 et

331 603 359 668 si
386 603 560 686 probatum
589 611 689 678 esset,
724 603 884 684 quomodo
914 604 1123 686 probaretur,
1158 601 1287 666 stellam
1324 601 1395 686 ejus
1425 623 1493 667 esse

332 711 463 776 lunam:
490 730 588 791 quam
602 730 622 772 a
636 707 829 792 Babyloniis
848 731 915 773 non
931 710 1026 774 deam
1039 709 1187 774 habitam
1201 731 1283 789 esse,
1308 711 1366 774 sed
1380 711 1491 791 deum,

332 839 430 882 nemo
444 817 584 900 ignorat.
617 817 716 880 Porro
732 815 861 880 stellam
878 817 1089 900 .ze'r..ta'..yoz.
1113 816 1156 899 (h.
1175 839 1204 881 e.
1222 837 1376 901 „serpens
1391 816 1494 882 vitam

332 924 496 1006 delens“²l
524 923 686 988 Venerem
708 944 779 990 esse
801 923 994 988 incredibile
1016 935 1078 988 est.

417 1031 479 1096 Ille
493 1040 603 1094 autem
618 1031 697 1096 ordo
716 1029 747 1115 t(
767 1031 864 1117 ΘΒΓ
884 1030 914 1116 Ω
937 1031 972 1117 l>
992 1034 1034 1115 ἅ
1057 1031 1102 1116 ἐξ,
1121 1052 1317 1114 quamquam
1331 1031 1495 1095 odiorum

334 1137 449 1205 ordine
471 1137 619 1202 diversus
642 1148 708 1218 est,
735 1148 846 1202 tamen
868 1139 978 1221 aliqua
1000 1137 1217 1202 similitudine
1239 1139 1281 1202 ad
1303 1159 1379 1202 eum
1401 1161 1494 1204 acce-

334 1247 394 1311 dit.
441 1247 482 1309 In
502 1255 643 1327 utroque
665 1245 753 1308 enim
775 1245 846 1329 pari
867 1246 964 1310 modo
986 1245 1051 1308 sibi
1071 1245 1305 1332 succedunt&s
1329 1245 1359 1330 Ω
1383 1245 1434 1331 ²0,
1461 1255 1494 1310 et

332 1354 467 1438 itemdl
492 1351 536 1438 ζξ,
563 1352 620 1436 qui
634 1352 689 1416 hic
703 1362 777 1436 post
791 1355 832 1436 ὅ
854 1351 884 1436 Ω
908 1351 957 1438 ⁴0,
984 1351 1054 1416 illic
1068 1361 1144 1416 ante
1159 1373 1214 1418 eos
1229 1352 1379 1418 collocati
1393 1363 1488 1417 tunt:

331 1461 430 1524 lunae
452 1469 485 1523 et
507 1459 584 1523 solis
614 1461 693 1524 ordo
722 1470 868 1524 mutatus
898 1464 979 1524 est³.
1032 1460 1103 1524 Neo
1132 1459 1262 1524 videtur
1289 1459 1424 1524 fortuita
1455 1483 1493 1524 ea

333 1569 474 1632 duorum
497 1567 650 1630 ordinum
673 1566 872 1646 similitudo.
892 1567 949 1631 sed
971 1567 1106 1631 alterius
1128 1587 1170 1630 ex
1191 1563 1293 1631 altero
1308 1577 1411 1631 tracta
1426 1568 1494 1631 ori-

335 1673 411 1758 gine
434 1695 504 1738 esse
527 1673 670 1737 effectus.
711 1675 823 1742 Quum
845 1685 956 1738 autem
977 1673 1191 1738 hebdomadis
1212 1684 1341 1738 nostrae
1364 1673 1493 1739 dierum

332 1781 431 1846 series
452 1781 542 1844 haud
564 1780 664 1844 dubie
687 1803 727 1845 ex
749 1781 863 1845 ordine
890 1780 921 1866 K
950 1780 977 1867 ζξ
1005 1780 1035 1866 Ω
1056 1781 1098 1867 Θ
1120 1783 1161 1866 &l
1187 1781 1278 1868 ill)
1304 1781 1407 1866 petita
1428 1782 1493 1846 sit⁴

333 1898 366 1952 et
391 1910 432 1952 cx
457 1888 520 1952 hoc
541 1887 735 1973 babylonica
757 1889 885 1952 dierum
907 1888 1006 1952 series
1029 1888 1106 1952 duci
1131 1900 1287 1973 nequeat,
1322 1890 1494 1974 suspican-

333 1997 412 2060 dum
435 2006 493 2076 est,
508 1979 746 2079 ¹babylonicam
769 2017 809 2059 ex
831 1995 896 2074 illa,
925 2016 1006 2077 quae
1029 1995 1065 2058 in
1086 1995 1290 2060 hebdomade
1311 2007 1420 2062 nostra
1440 1997 1493 2060 in-

332 2113 390 2185 est,
417 2113 519 2168 ortam
541 2124 618 2166 esse.

417 2209 643 2276 Hebdomadis
658 2209 870 2293 astrologicae
885 2210 1012 2273 dierum
1027 2209 1137 2292 series,
1155 2221 1193 2274 ut
1208 2232 1306 2294 supra
1321 2212 1363 2295 (p.
1381 2219 1417 2274 17
1430 2212 1492 2295 sq.)

332 2316 643 2398 demonstravimus,
669 2327 728 2380 aut
749 2338 768 2379 a
791 2316 931 2381 Saturno
953 2327 1010 2381 aut
1032 2339 1051 2380 a
1072 2317 1168 2380 Luna
1190 2317 1337 2401 incipite
1383 2321 1492 2401 Atque

332 2405 439 2507 quum¹
464 2424 500 2487 in
529 2423 661 2508 assyriis
691 2423 757 2488 illis
785 2424 907 2488 tabulis
939 2426 980 2508 (v.
1012 2447 1044 2509 p.
1065 2426 1117 2508 29)
1147 2424 1243 2488 Luna
1271 2424 1415 2508 primum
1442 2425 1493 2490 lo-

332 2553 407 2596 cum
429 2541 540 2596 teneat
570 2542 603 2595 et
627 2530 827 2616 Babylonios
850 2532 937 2595 diem
959 2531 995 2594 in
1017 2533 1081 2596 LX
1107 2542 1214 2616 partes
1243 2531 1398 2596 dividisse
1424 2556 1493 2598 non

331 2648 452 2702 temere
485 2641 683 2719 sumerent,
721 2637 870 2702 ordinem
902 2638 1135 2723 babylonicum
1168 2661 1209 2703 ex
1242 2640 1356 2703 ordine
1390 2638 1421 2724 (
1450 2640 1491 2722 dl

302 2724 307 2739 .
341 2745 367 2830 ξ
392 2745 430 2832 ΞΙΓ
453 2744 484 2831 Ω
507 2745 541 2830 ⁴0
561 2746 603 2831 Θ
625 2756 734 2810 ortum
756 2767 824 2810 esse
846 2745 1009 2810 existimo.
1049 2746 1147 2814 Quod
1167 2745 1230 2811 hoo
1251 2747 1347 2810 modo
1369 2746 1494 2809 factum

334 2876 403 2918 esse
418 2853 501 2917 mihi
516 2853 655 2918 videtur.
695 2853 905 2917 Planetarum
920 2853 1019 2917 series
1034 2852 1114 2916 locis
1129 2855 1165 2917 II
1180 2855 1211 2917 Β
1226 2860 1266 2918 48
1290 2864 1323 2916 et
1338 2853 1390 2916 ΙΠ
1404 2855 1435 2916 R
1453 2860 1490 2914 57

333 2961 453 3026 tradita
475 2972 626 3046 excerpta
649 2971 698 3025 est
721 2983 762 3024 ex
776 2961 911 3024 deorum
934 2960 1028 3040 serie,
1054 2981 1152 3044 quam
1173 2959 1273 3025 habet
1294 2960 1407 3024 tabula
1427 2983 1493 3022 nu·

331 3089 437 3134 meros
469 3089 581 3132 eorum
604 3069 774 3132 exhibens.
821 3069 913 3136 Quae
935 3090 1003 3132 non
1033 3077 1083 3132 est
1105 3067 1335 3152 antiquissima
1357 3067 1492 3144 deorum

333 3174 449 3257 series,
483 3186 516 3240 et
542 3186 618 3240 ante
649 3197 721 3239 eam
743 3175 912 3238 inventam
933 3197 1001 3238 non
1023 3197 1137 3239 omnes
1158 3173 1365 3259 planetarum
1387 3174 1434 3238 dii
1457 3174 1493 3236 in

332 3283 468 3347 deorum
496 3283 657 3368 majorum
686 3303 823 3347 numero
851 3282 986 3347 suerunt
1014 3281 1065 3364 (cf.
1090 3283 1126 3346 ΙΙ
1140 3283 1173 3346 Β
1188 3287 1240 3362 48,
1259 3288 1428 3346 28-39a.
1443 3284 1489 3364 b).

404 3456 426 3520 1)
448 3449 525 3508 Idtcr
541 3455 634 3526 potius
652 3462 707 3509 est:
726 3453 757 3507 11
769 3453 797 3507 Β
809 3457 851 3519 54,
867 3454 898 3505 19
908 3471 931 3508 e.
941 3453 960 3506 f.
980 3451 1015 3506 ci.
1035 3455 1077 3518 49,
1094 3455 1125 3506 12
1135 3471 1158 3506 a.
1168 3453 1196 3507 b.

397 3541 426 3604 2)
449 3538 582 3611 Oppert
608 3540 686 3611 signa
712 3545 828 3594 cuneata
853 3533 1002 3593 musi-tc-la'l
1023 3537 1198 3609 pronuntiat,
1228 3537 1303 3610 quod
1328 3535 1492 3592 vocabulum

333 3640 418 3696 assyr.
436 3641 495 3680 esse
513 3626 662 3680 arbitratur
680 3625 840 3696 significans
858 3624 1011 3690 „candens“.
1044 3621 1106 3688 Sed,
1127 3629 1158 3676 ut
1177 3629 1266 3678 cetera
1283 3623 1415 3689 omittam,
1436 3630 1493 3676 ter-

331 3735 402 3790 tium
420 3736 529 3806 rignum
546 3710 692 3824 ΜΞ)
716 3755 771 3792 non
788 3734 861 3789 illud
878 3741 932 3801 ιιι,
953 3734 1027 3806 quod
1043 3734 1239 3805 pronuntiatur
1255 3735 1289 3788 til
1309 3708 1490 3820 (ΞΞΟ,

333 3839 382 3893 sed
399 3840 433 3894 ab
451 3858 483 3894 eo
501 3839 568 3894 satis
586 3839 733 3894 diversum

402 3929 425 3991 3)
448 3924 491 3979 cf.
512 3923 645 3979 Schrader
661 3923 708 3980 l.l.
726 3941 788 3995 pag.
803 3925 862 3976 337.

401 4014 426 4076 4)
447 4011 482 4066 V.
501 4027 583 4080 supra
600 4027 663 4082 pag.
680 4013 721 4064 17.

403 4100 425 4164 5)
446 4095 521 4150 Ordo
540 4114 556 4150 a
574 4094 637 4149 Sole
654 4095 790 4166 incipiens
808 4094 1024 4150 hebdomadibus
1042 4093 1208 4165 astrologica
1230 4100 1258 4148 et
1280 4093 1410 4150 hebraica
1431 4111 1499 4149 eon.

329 4181 437 4254 junctis
454 4188 531 4236 ortus
549 4188 600 4236 eat.

404 4271 427 4331 6)
448 4265 611 4333 Brendis,
633 4269 743 4332 Mona,
763 4267 854 4322 Mosa·
871 4286 897 4322 c.
913 4267 1142 4338 Gewiobtasystem
1158 4268 1189 4320 ιἰι
1205 4266 1388 4330 Vorderoes'eo,
1409 4283 1437 4337 p.
1454 4269 1494 4319 19.
