3276 5130
620 293 856 356 -103—

143 460 317 526 Jehovam
353 471 386 524 et
420 467 511 542 vos“,
551 461 640 525 haud
668 461 735 527 scio
765 483 809 526 an
837 461 950 528 liceret
977 483 1114 548 ponere,
1153 487 1229 529 eum
1258 467 1321 532 hoc

143 569 285 632 dictum
306 568 400 651 quasi
417 567 488 652 jam
510 568 625 632 tritum
647 568 704 633 illo
726 569 797 633 loco
817 569 882 652 (20,
906 570 953 652 12)
980 569 1016 633 in
1039 570 1214 655 antiquum
1236 585 1320 637 tem·

143 695 212 758 pus
237 675 459 740 transtulisse.
515 677 628 744 Quum
654 685 765 740 autem
795 697 958 758 nusquam
986 677 1050 742 tale
1078 679 1157 762 quid
1185 679 1316 760 dixerit,

141 803 219 846 non
243 783 324 847 licet
344 791 470 868 putare,
503 782 708 848 Ezechielem
729 781 797 847 illis
820 782 926 847 verbis
949 781 1040 848 aliud
1063 784 1196 866 dixisse,
1222 807 1319 870 quam

143 890 243 974 quod
266 889 385 954 iisdem
407 889 513 954 verbis
535 893 577 954 ab
599 890 794 974 antiquioris
823 891 978 974 temporis
1006 893 1162 977 scriptore
1192 893 1319 977 scriptis

143 1019 348 1083 expressum
379 1008 477 1062 esset.
527 999 613 1082 Ergo
642 1019 710 1062 non
733 1009 799 1079 est,
830 999 917 1080 quod
938 1017 1144 1080 censeamus,
1175 999 1319 1084 primum

144 1104 365 1170 Ezechielem
386 1103 540 1169 habuisse
561 1107 733 1170 sabbatum
755 1105 888 1191 signum
903 1105 1043 1170 foederis
1059 1105 1147 1170 inter
1161 1105 1319 1170 Jehovam

143 1221 182 1277 et
205 1211 376 1276 Israelitas
397 1210 467 1276 icti.

243 1319 401 1384 Ceterum
422 1339 490 1384 non
511 1341 681 1405 negamus,
706 1319 834 1384 sabbati
853 1342 951 1385 usum
966 1330 998 1386 et
1012 1320 1170 1386 honorem
1183 1339 1321 1404 magno-

144 1447 230 1511 pere
257 1447 328 1490 esse
350 1436 493 1506 auctum,
520 1447 621 1509 quum
643 1425 800 1491 Israelitis
823 1437 942 1491 eterra
957 1449 1017 1492 sua
1032 1427 1194 1510 abductis,
1221 1428 1321 1490 sacri-

145 1534 324 1615 ficiorum,
354 1533 474 1618 quippe
503 1555 585 1616 quae
608 1533 846 1619 Hierosolymis
875 1546 1005 1601 tantum
1026 1519 1184 1600 iacienda
1200 1544 1316 1612 essent,

148 1641 493 1705 administrandorum
515 1639 670 1706 facultate
685 1641 882 1722 carentibus,
908 1643 1012 1707 otium
1028 1641 1231 1707 sabbaticum
1251 1639 1320 1724 jam

145 1748 258 1813 unica
278 1757 405 1832 praeter
427 1747 709 1812 circumcisionem
738 1760 822 1814 esset
851 1769 922 1830 res,
957 1771 1020 1832 qua
1048 1749 1192 1814 Jehovae
1220 1749 1321 1812 fidem

147 1857 389 1941 profiterentur
411 1865 444 1920 et
466 1855 612 1939 ipsorum
633 1857 898 1921 communionem
924 1857 1134 1922 ostenderent
1156 1866 1189 1919 et
1210 1855 1322 1918 firma·

149 1974 242 2028 rent.
290 1965 335 2026 At
357 1983 432 2027 vero
455 1983 636 2043 censemus,
664 1961 735 2046 jam
757 1975 853 2029 antes
875 1964 979 2029 otium
1001 1961 1206 2028 sabbaticum
1227 1961 1323 2025 habi-

151 2081 229 2136 tum
253 2091 324 2135 esse
345 2068 460 2154 populi
481 2069 626 2134 Jehovae
647 2069 793 2156 signum.

244 2178 295 2241 De
317 2176 443 2260 reliquo
465 2176 695 2258 controversia,
720 2199 802 2241 num
823 2178 881 2242 illa
902 2179 956 2244 lex
970 2175 1147 2254 sabbatica,
1173 2185 1320 2259 quaeest

157 2286 218 2351 Ex.
237 2285 372 2365 XXXI,
390 2293 466 2348 ante
482 2282 687 2348 Ezechielem
701 2285 822 2370 scripta
836 2284 890 2366 sit,
915 2283 1047 2370 penitus
1063 2282 1238 2368 dijudicari
1251 2303 1320 2346 non

156 2403 264 2478 potest
286 2391 352 2457 nisi
373 2390 480 2455 libr-i
502 2390 771 2472 sanctitatis,
798 2392 856 2476 qui
878 2402 1021 2472 vocatur,
1052 2389 1146 2475 cujus
1167 2411 1241 2475 pars
1263 2389 1320 2453 illa

160 2501 289 2566 videtur
309 2499 423 2579 fuisse,
456 2508 563 2562 aetate
584 2497 750 2582 indagata.
803 2501 878 2568 Qua
908 2501 947 2564 de
978 2521 1014 2564 re
1047 2497 1239 2583 disputandi
1266 2497 1322 2560 hic

156 2630 226 2674 non
254 2618 304 2673 est
331 2607 439 2687 locus,
471 2605 531 2670 ubi
558 2604 621 2670 hoc
650 2615 779 2671 tantum
809 2606 1032 2689 quaerendum
1062 2616 1149 2686 erat,
1181 2625 1264 2668 num
1286 2605 1322 2666 in

154 2719 255 2780 rebus
277 2715 319 2779 ad
340 2715 513 2780 sabbatum
527 2711 767 2798 pertinentibus
788 2734 884 2777 causa
898 2713 1088 2798 reperiatur,
1115 2733 1179 2798 qua
1201 2711 1323 2776 efficia·

155 2833 224 2903 tur,
254 2821 362 2907 legem
387 2820 479 2885 illam
505 2830 580 2905 post
602 2819 807 2885 Ezechielem
835 2820 989 2905 scriptam
1017 2841 1098 2887 esse.
1152 2817 1323 2904 Ejusmodi

157 2951 292 2994 causam
312 2949 381 2992 nou
402 2927 539 3013 reperiri
560 2927 783 3012 cognovimus.
829 2927 916 2992 Mihi
943 2949 1019 2993 vero
1045 2947 1237 3012 persuasum
1259 2935 1319 3006 est,

158 3048 237 3101 ante
264 3034 444 3100 Ezechielis
471 3044 611 3099 aetatem
640 3035 801 3120 scriptum
830 3056 901 3100 esse
930 3035 1073 3114 „librum
1102 3032 1318 3113 sanctitatis“,

162 3143 250 3225 quod
277 3141 356 3206 satis
381 3143 535 3227 probasse
561 3140 699 3206 arbitror
721 3141 953 3223 Noeldeke,
985 3143 1125 3206 Ueteres.
1148 3161 1207 3204 zur
1229 3139 1319 3204 Krit.

160 3250 217 3314 dea
238 3251 282 3313 rt.
305 3251 341 3313 T.
370 3250 490 3333 (1869),
522 3269 556 3332 p.
576 3255 713 3329 67-71,
746 3247 1044 3314 Klostermaun
1069 3247 1107 3311 iu
1133 3245 1259 3312 Ztackr.
1282 3247 1320 3331 f.

158 3357 195 3422 d.
227 3355 306 3422 lact.
342 3355 449 3421 Theoi.
478 3377 512 3420 a.
542 3357 587 3420 K.
621 3361 714 3436 1877,
742 3376 776 3440 p.
802 3361 990 3438 ror-444,
1030 3354 1253 3420 Delitzsch
1286 3354 1321 3418 in

158 3465 286 3531 Ztscdr.
300 3465 339 3551 s.
363 3463 396 3528 k.
421 3466 475 3528 W.
499 3485 533 3528 a.
556 3463 590 3526 k.
614 3463 656 3527 L.
686 3468 779 3545 1880,
803 3485 837 3548 p.
856 3469 1036 3527 617-626.

246 3572 306 3637 Sin
339 3582 450 3636 autem
482 3581 555 3655 post
587 3570 740 3636 exsilium
772 3569 912 3654 scriptus
945 3580 1045 3651 esset,
1092 3579 1125 3634 et
1156 3569 1319 3650 Ezechiel,

159 3699 357 3762 quamquam
379 3678 538 3744 Jehovam
564 3677 747 3761 antiquitus
768 3679 941 3742 sabbatum
962 3677 1144 3743 instituisse
1167 3677 1259 3756 dicit,
1284 3687 1322 3740 ut

155 3785 298 3871 signum*
325 3785 595 3866 essat'soedcris,
627 3785 780 3870 princeps
808 3784 871 3850 hoc
899 3785 1078 3866 docuisset,
1114 3795 1225 3849 tamur
1253 3803 1321 3847 non

157 3891 272 3957 liceret
293 3903 420 3979 putare,
452 3893 490 3957 iu
511 3892 625 3958 exsilio
649 3891 708 3974 ¹vel
735 3903 808 3978 post
834 3892 989 3958 exsilium
1016 3891 1144 3957 sabbati
1171 3901 1322 3955 naturam

157 3999 258 4066 aliam
293 3999 512 4066 existimatam
544 4021 614 4065 esse
647 4019 747 4084 quam
781 4010 887 4064 antea.
941 4001 1027 4064 Nam
1056 4017 1158 4083 quum
1187 3999 1321 4062 sabbata

158 4127 287 4192 semper
309 4107 379 4173 dies
402 4105 487 4173 sacri
508 4107 621 4172 habita
642 4107 719 4186 sint,
747 4108 866 4190 quibus
888 4107 1032 4172 laborare
1047 4127 1115 4170 non
1129 4105 1253 4186 liceret,
1279 4127 1321 4169 ne

156 4214 315 4280 sanctitas
337 4237 357 4278 a
371 4215 496 4281 Jehova
517 4215 559 4280 iis
573 4213 696 4280 tributa
711 4213 898 4294 violaretur,
923 4213 1013 4278 omni
1029 4223 1174 4298 tempore
1189 4211 1322 4298 signum
