3276 5130
591 336 807 397 ..77-

196 505 277 570 Post
300 526 380 570 eum
408 505 430 568 J
438 503 595 570 eremis
621 507 684 588 (17,
711 503 848 586 21-21)
881 503 921 566 de
951 503 1086 568 sabbato
1115 501 1276 586 loquitur:

117 613 267 682 Cavete
303 611 460 677 animis
494 611 650 678 vestris
683 609 903 693 noliteque
936 610 1048 674 forre
1081 630 1184 674 onus
1213 609 1279 674 die

117 719 283 784 sabbati
323 729 363 786 et
398 730 570 805 portare
611 717 655 782 in
695 728 838 804 portas
878 715 1277 802 Hierosolymorum.

118 827 224 892 Neve
246 825 405 892 seratis
427 829 526 892 onus
548 847 596 892 ex
624 825 815 892 domibus
839 825 995 890 vestris
1023 825 1088 889 die
1114 821 1281 888 sabbati

118 945 154 998 et
186 954 305 1000 omne
338 934 555 1019 negotium
586 932 724 999 nolite
756 933 896 998 iacere
925 943 964 997 et
991 942 1136 997 sancte
1166 931 1281 1016 agite

118 1041 223 1106 diem
266 1041 438 1108 sabbati
479 1042 591 1107 sicut
629 1039 835 1125 imperavi
876 1039 1066 1126 patribus
1107 1038 1279 1104 vestris:

118 1170 247 1232 neque
270 1149 494 1230 audierunt
515 1171 651 1232 neque
672 1150 959 1234 praebuerunt
980 1168 1101 1214 aures
1124 1145 1284 1231 11τὶςί-

118 1256 184 1320 dos
206 1255 401 1322 feceruut
422 1258 608 1322 cervices
634 1277 715 1321 nou
741 1254 931 1319 audituri
961 1277 1094 1338 neque
1122 1254 1283 1339 passuri

119 1362 405 1447 disciplinam.
452 1365 502 1429 Et
523 1362 705 1444 accidet,
738 1361 772 1426 si
794 1383 853 1426 me
882 1361 1093 1444 audietis,
1124 1362 1283 1427 dictum

119 1469 316 1553 Jehovae,
358 1482 404 1536 ut
436 1493 519 1537 non
551 1470 734 1557 portetis
768 1491 871 1534 onus
904 1469 948 1533 in
980 1479 1123 1555 portas
1159 1468 1283 1554 hujus

120 1578 234 1642 urbis
257 1578 325 1644 die
348 1579 533 1662 sabbati,
565 1589 606 1644 et
633 1587 779 1642 sancte
805 1577 944 1662 agetis
968 1580 1187 1643 sabbatum
1208 1600 1284 1643 ne·

122 1704 195 1764 que
221 1685 396 1752 iacietis
425 1708 470 1752 eo
494 1708 610 1753 omne
629 1683 863 1771 negotium:
889 1686 1062 1751 venient
1081 1686 1122 1750 in
1140 1697 1283 1771 portas

122 1791 239 1856 urbis
260 1792 390 1877 hujus
420 1815 534 1879 reges
565 1805 604 1858 et
632 1792 849 1878 principes
876 1792 1072 1858 sedentes
1101 1794 1146 1857 in
1175 1793 1283 1859 solio

124 1897 315 1982 Desidia,
341 1900 456 1965 vecti
478 1901 668 1966 curribus
691 1911 731 1966 et
752 1900 796 1965 in
818 1899 941 1983 equis
962 1921 1052 1964 cum
1074 1901 1284 1985 principi-

129 2003 204 2068 bus
224 2007 324 2088 suis,
351 2005 457 2072 viris
472 2007 642 2074 Judaeis
664 2019 705 2074 et
726 2005 1280 2090 incolisHierosolymorum,

133 2119 171 2174 et
197 2109 402 2180 incoletur
427 2114 528 2180 haec
553 2117 651 2180 urbs
678 2114 722 2179 in
749 2125 975 2180 aeternum.
1031 2114 1080 2178 Et
1112 2113 1285 2179 venient

135 2235 182 2278 ex
200 2221 371 2286 urbibus
385 2223 407 2287 J
414 2222 570 2287 udaeae
590 2231 631 2286 et
651 2243 699 2287 ex
717 2221 875 2286 vicinis
890 2219 1285 2306 Hierosolymorum

140 2333 178 2386 11
198 2345 243 2388 ex
262 2338 369 2393 terra
389 2328 609 2414 Benjamin
632 2339 671 2393 11
693 2350 742 2394 ex
762 2327 870 2393 locis
892 2327 1088 2394 demissis
1109 2338 1151 2392 et
1172 2349 1285 2394 mon-

141 2431 247 2498 tanis
275 2446 311 2500 et
338 2457 381 2502 ex
414 2449 528 2502 terra
560 2434 837 2506 meridionali
865 2445 1138 2520 apportantes
1166 2435 1286 2504 bolo-

140 2551 275 2606 oausta
296 2554 336 2610 et
357 2523 579 2610 sacrificia
601 2553 641 2610 et
663 2541 822 2630 cibaria
851 2553 892 2608 st
921 2544 1215 2611 suffimentum
1246 2555 1286 2610 et

136 2661 402 2732 apportantes
439 2651 587 2716 laudes
623 2650 784 2716 domum
822 2651 1017 2718 Jehovae.
1080 2650 1155 2718 Sin
1190 2673 1285 2718 vcro

133 2772 205 2818 non
235 2757 421 2824 audietis
453 2780 511 2823 me
544 2768 686 2824 sancte
719 2758 858 2825 acturi
895 2758 1005 2826 diem
1040 2760 1209 2826 sabbati
1245 2771 1287 2826 et

125 2879 204 2928 non
229 2864 364 2931 laturi
393 2887 498 2934 onus
527 2877 567 2932 et
594 2865 766 2943 venturi
794 2867 838 2931 in
864 2877 1007 2952 portas
1035 2866 1286 2954 Hierosoly-

69 2981 72 2990 '
128 2988 279 3038 morum
315 2971 384 3038 die
421 2972 604 3040 sabbati:
645 2973 783 3059 ignem
819 2974 1038 3040 incendam
1068 2975 1112 3040 in
1147 2974 1287 3059 portis

129 3083 301 3163 vestris,
332 3080 405 3165 qui
432 3091 649 3146 consumet
678 3091 811 3146 turres
833 3081 1225 3165 Hierosolymorum
1246 3091 1287 3146 11

127 3203 202 3252 non
223 3187 531 3273 restinguetur.
569 3187 771 3254 Adbortaurr
792 3187 957 3252 Israelitis
976 3187 1129 3268 Jeremia,
1153 3197 1192 3252 ut
1213 3188 1288 3252 sab-

126 3291 199 3360 bata
220 3306 335 3364 sancte
357 3306 458 3380 agant
482 3295 523 3360 ab
550 3315 647 3380 opere
675 3292 782 3360 omnis
808 3292 937 3379 genonis
965 3286 1086 3378 (mbr)
1108 3287 1155 3377 511)
1185 3291 1289 3358 absti-

122 3402 245 3484 nendo,
272 3401 415 3468 maxime
436 3403 478 3468 ab
500 3400 654 3467 oneribus
675 3401 859 3485 portandis,
892 3410 1039 3468 stabsens
1064 3400 1223 3468 Jehovam
1252 3400 1288 3465 id

124 3510 273 3589 patribus
294 3509 482 3595 imperasse.

207 3620 357 3703 Apparet
384 3617 575 3702 prophetam
598 3615 653 3682 bic
675 3615 761 3681 sicut
782 3617 894 3684 crebro
922 3616 985 3699 (11,
1012 3623 1042 3678 4.
1077 3621 1128 3698 32,
1154 3621 1208 3680 21.
1234 3622 1286 3688 22.

128 3725 178 3786 23.
221 3733 250 3805 7,
277 3731 329 3789 23.
368 3731 421 3806 34,
450 3730 486 3787 13
508 3725 590 3808 sqq.)
618 3721 660 3787 ad
695 3721 784 3808 leges
812 3722 990 3805 Mosaicae,
1026 3722 1115 3810 leges
1149 3723 1288 3790 foederis

126 3825 215 3898 inter
242 3831 402 3897 Jehovam
433 3842 467 3898 11
497 3829 656 3916 populum
690 3828 761 3914 ejus
789 3829 1024 3896 intercedentis
1058 3831 1120 3914 (³4,
1149 3837 1185 3894 13
1202 3832 1284 3914 sqq.)
1376 3855 1381 3862 ·

128 3957 311 4019 provocare.
366 3939 454 4004 Num
485 3959 586 4003 unam
613 3947 734 4003 certam
762 3959 803 4002 ex
831 3937 961 4023 legibus
987 3938 1029 4003 ad
1054 3939 1188 4002 sabbata
1215 3957 1290 4020 per-

129 4043 313 4113 tinentibus
335 4055 462 4132 spectet
483 4054 517 4109 11
539 4066 652 4129 quam,
680 4065 758 4109 sane
779 4045 963 4131 perspicere
985 4043 1171 4128 nequimus.

214 4155 375 4238 Apertum
391 4163 441 4217 est
456 4162 575 4234 autem,
594 4151 711 4237 legem,
730 4161 768 4216 ut
783 4154 917 4218 sabbato
930 4151 1035 4217 otium
1049 4149 1102 4231 sit,
1117 4147 1290 4233 jubentem

129 4259 290 4327 ieremias
312 4270 420 4326 aetate
442 4281 537 4344 saepe
559 4258 714 4323 violatam
737 4279 819 4340 esse,
848 4258 968 4344 etjam
997 4280 1016 4322 a
1041 4256 1188 4342 patribus
1218 4275 1290 4319 eam
