3276 5130
835 353 1050 418 ..98-

360 543 430 588 esse
454 543 551 605 quam
573 522 609 588 in
632 523 774 590 Genesi:
800 518 874 592 aba
897 522 1017 590 dicitur
1039 544 1098 609 pro
1120 533 1203 605 tm,
1229 533 1274 588 nn
1297 512 1371 586 '1038
1393 513 1446 586 bai
1466 541 1520 604 pro

362 640 452 704 asar
474 623 539 711 bar,
564 641 633 696 ιιιιι
655 651 713 715 pro
728 623 841 712 nami,
869 630 1006 696 etmihi
1028 629 1161 714 quidem
1174 628 1280 696 Exod.
1299 635 1353 710 ιο,
1378 635 1412 690 ιι
1439 627 1520 692 anti-

362 736 485 820 quioris
506 736 623 804 aetatis
645 736 788 822 speeiem
810 737 930 802 habere
952 737 1082 804 videtin
1096 759 1193 821 quam
1208 738 1336 804 Genea.
1355 743 1388 816 2,
1411 742 1487 798 1-4
1498 739 1515 798 ¹.

361 843 484 910 Verum
519 843 619 910 etiam
654 844 873 915 martianam
907 845 1024 918 mundi
1060 844 1160 912 creati
1193 845 1280 914 Gen.
1307 849 1319 908 l
1356 843 1518 927 antiquam

361 949 521 1031 existimo,
549 949 578 1016 si
599 973 667 1018 non
688 953 788 1018 verba
809 963 843 1018 at
864 951 978 1020 saltem
1000 974 1062 1018 res.
1103 951 1193 1024 Quid
1214 962 1263 1018 est
1282 973 1344 1018 cur
1359 950 1517 1016 Israelitae

360 1060 586 1142 κοσμογονίαν
617 1081 685 1124 ιιοιι
717 1058 913 1126 habuerint?
967 1058 1026 1124 Sin
1060 1059 1263 1142 habuerunt,
1306 1059 1424 1126 eadem
1457 1059 1516 1124 iere

359 1161 434 1244 fuit,
460 1185 558 1247 quam
580 1164 715 1232 exhibet
736 1166 858 1232 Genea.
877 1166 940 1230 c.I
962 1187 1013 1232 res
1035 1165 1187 1234 similiter
1206 1177 1411 1248 narrantem,
1428 1175 1514 1250 atque

360 1291 379 1333 a
405 1270 599 1355 Babyloniis
630 1273 779 1358 proxima
811 1272 1006 1358 cognatione
1038 1294 1113 1338 cum
1146 1274 1305 1340 Israelitis
1341 1259 1511 1358 conjunctis

359 1377 496 1442 traditae
518 1391 621 1461 erant,
646 1401 684 1446 ac
698 1379 797 1446 simul
811 1380 854 1444 ad
868 1379 1063 1465 religionem
1076 1379 1220 1448 Jehovae
1234 1381 1384 1448 maxime
1399 1403 1507 1448 accon-

359 1486 535 1552 modatam.
582 1487 680 1556 Quod
701 1497 812 1554 autem
834 1497 958 1573 septem
985 1488 1101 1554 diebus
1129 1489 1246 1554 mundi
1275 1488 1416 1554 creandi
1436 1509 1500 1572 opus

359 1591 483 1658 factsnn
505 1615 576 1662 esse
598 1594 729 1676 dicitur,
753 1615 852 1662 nemo
867 1595 964 1660 debet
978 1594 1097 1676 mirari,
1123 1594 1210 1662 hanc
1227 1596 1423 1681 opinionem
1434 1595 1499 1679 apud

359 1721 435 1764 eum
456 1701 616 1786 populum
631 1701 782 1783 inveniri,
808 1703 897 1788 apud
912 1723 1010 1787 quem
1023 1701 1202 1770 hebdomas
1216 1703 1402 1788 plurimum
1416 1701 1500 1766 valera

358 1807 466 1891 coepit
489 1808 624 1894 ejusque
645 1809 813 1878 institutio
840 1809 932 1894 quasi
962 1808 1110 1874 absoluta
1138 1822 1430 1894 consummataque
1455 1817 1501 1872 est.

358 1914 481 1998 Utique
491 1916 595 2000 possit
609 1915 683 2002 quis
697 1916 858 1996 arbitrari,
882 1916 911 1982 si
932 1916 1159 1996 narrationem,
1187 1939 1284 2000 qnam
1309 1919 1348 1984 in
1363 1917 1506 1984 Geneal

356 2021 507 2107 legimns,
526 2023 694 2090 Israelitae
710 2023 746 2088 in
762 2023 876 2090 exsilio
891 2045 912 2088 a
926 2023 1116 2108 Babyloniis
1131 2025 1328 2110 acceperint,
1350 2025 1436 2110 ipsos
1446 2043 1507 2088 eam

357 2129 404 2198 ita
432 2130 650 2216 descripsisse,
681 2141 720 2196 ut
745 2152 786 2196 ex
810 2131 947 2214 antiqua
968 2132 1194 2198 Hebraeorum
1214 2133 1376 2218 opinione
1397 2141 1508 2216 ¹septen

357 2237 484 2302 dierum
506 2238 612 2322 spatio
633 2259 685 2304 res
708 2247 818 2322 gestae
839 2237 1094 2304 continerentur.
1140 2239 1215 2304 Hoc
1242 2241 1335 2306 enim
1363 2257 1507 2324 namnum

357 2355 407 2410 est
427 2344 515 2412 inter
528 2343 788 2430 Babyloniorum
809 2355 844 2410 et
858 2343 1080 2410 israelitarum
1101 2347 1305 2412 nutationes
1328 2346 1505 2422 discrimen,

356 2453 444 2534 qnod
466 2453 502 2516 in
523 2450 719 2536 babylonica
739 2450 870 2516 nullum
893 2449 964 2535 ejus
985 2451 1032 2516 rei
1054 2451 1230 2538 vestigium
1251 2454 1451 2522 inveniturt.

356 2595 379 2600 -..
395 2594 562 2602 .-—·-.·.----

427 2669 451 2729 1)
472 2664 515 2720 Oi.
541 2663 729 2722 Delitasch
750 2664 781 2737 in
802 2665 931 2722 Zeitsctr.
949 2667 978 2734 f.
1002 2665 1098 2722 kiroli.
1124 2666 1279 2724 Wicsensclt.
1298 2687 1325 2722 u.
1345 2670 1372 2724 k.
1394 2668 1428 2722 L.
1449 2665 1506 2718 1882
1605 2745 1606 2752 ἵ

351 2766 377 2820 p.
391 2751 441 2802 292
455 2767 494 2820 sq.

423 2835 449 2899 2)
468 2833 649 2889 Narrationes
666 2833 813 2888 creationis
825 2833 922 2889 mundi
933 2835 1099 2906 babylonica
1115 2843 1143 2890 et
1159 2835 1296 2905 hebraica,
1318 2838 1388 2893 adeo
1401 2833 1505 2898 similes,

353 2928 385 2973 nt
402 2936 481 2974 nemo
499 2917 589 2991 possit
609 2935 718 2988 negare,
739 2926 800 2972 arto
817 2935 864 2973 aas
881 2919 1098 2990 propinquitatis
1114 2919 1224 2976 vinculo
1249 2922 1397 2987 contineri,
1424 2930 1507 2976 tanen

353 3012 507 3076 tantopere,
527 3012 559 3058 ut
575 3003 646 3062 mihi
662 3003 782 3068 videtin,
801 3002 875 3058 inter
892 3020 921 3059 sa
939 3004 1105 3076 discrepant,
1129 3013 1162 3060 ut
1178 3005 1267 3062 altera
1284 3025 1320 3064 ex
1336 3007 1426 3064 alters
1442 3005 1506 3060 iacta

354 3108 413 3148 esse
430 3097 560 3162 nequeat.
595 3087 763 3148 Incredibile
781 3095 835 3154 est,
862 3088 1022 3162 scriptorem
1039 3089 1107 3146 libri
1123 3093 1329 3166 pentateuchici
1345 3097 1373 3152 A
1387 3092 1431 3160 (Q)
1450 3105 1506 3148 nat·

352 3175 488 3232 rationem
504 3173 697 3246 babylonicam
720 3173 761 3228 ita
783 3173 904 3246 perfecte
927 3175 1099 3248 rescripsisse
1121 3185 1150 3230 et
1173 3178 1333 3233 correxisse.
1376 3175 1507 3248 Equidem

353 3281 408 3317 non
426 3279 538 3333 possum
554 3260 624 3315 mihi
642 3259 819 3332 persuadere,
835 3258 982 3316 'Geneseos
1001 3261 1108 3331 caputI
1126 3280 1182 3318 non
1199 3279 1258 3317 esse
1277 3263 1332 3318 nisi
1356 3267 1506 3332 excerptum

347 3345 386 3401 'ex
403 3347 561 3402 narratione
578 3345 742 3418 babylonica
758 3345 794 3400 sd
811 3343 1004 3400 monotheismi
1021 3351 1147 3401 naturam
1164 3349 1404 3404 accommodatum.
1431 3345 1505 3400 Utra-

352 3449 406 3502 que
423 3431 544 3487 nmmtio
562 3431 642 3502 ponit
659 3430 766 3487 actibus
784 3429 888 3486 divinis
904 3429 1045 3495 mundum,
1065 3431 1201 3503 principio
1218 3433 1316 3489 rudem
1332 3434 1505 3504 indigestam·

353 3535 406 3588 que
423 3516 537 3584 molem,
565 3535 614 3589 per
632 3516 739 3588 aliquot
755 3515 871 3587 medus,
897 3532 1013 3590 quornm
1034 3533 1160 3587 supremo
1184 3517 1313 3576 homines
1335 3518 1421 3577 creati
1443 3514 1502 3576 sint,

351 3602 500 3656 formatum
512 3601 718 3676 perfectumque
731 3619 805 3656 esset
825 3608 940 3670 unaque
959 3599 1044 3656 simili
1060 3602 1141 3657 modo
1159 3603 1269 3658 videtur
1288 3603 1424 3676 disposita
1439 3615 1500 3664 esse,

351 3684 471 3756 denique
501 3686 531 3740 in
559 3685 703 3742 nonnullis
731 3688 814 3742 rebus
843 3683 1031 3755 singularibus
1059 3704 1158 3756 magna
1188 3686 1343 3744 similitudo
1373 3685 1500 3743 cernitur:

351 3770 442 3826 cbaos
468 3771 498 3826 in
520 3779 637 3842 utraque
660 3769 790 3827 similiter
813 3769 980 3825 describitur
998 3771 1270 3842 (ts'dmtu=ninn);
1296 3774 1346 3829 ubi
1370 3771 1501 3828 stellarum

349 3856 453 3913 creatio
470 3855 629 3927 exponitur,
654 3855 684 3912 in
701 3865 818 3926 utraque
841 3853 997 3910 sanatione
1021 3855 1055 3910 de
1075 3843 1447 3932 temporum'descriptiena
1470 3849 1501 3906 td

350 3961 432 4014 quam
451 3941 516 4000 illae
534 3933 591 3995 sint
609 3940 775 4006 destinatae,
801 3941 887 3996 verba
909 3941 990 4006 fiunt;
1016 3942 1217 3998 enumerationi
1239 3943 1398 4001 hebraicae:
1423 3949 1501 3998 nam

349 4039 434 4112 yrun
454 4039 525 4084 runt
544 4029 618 4084 aest
642 4025 790 4097 respondet
810 4023 988 4096 babylonica:
1016 4025 1061 4080 tet
1082 4027 1242 4094 perincidet
1259 4031 1314 4098 qe‘rs'
1329 4049 1347 4083 a
1364 4015 1500 4094 ιιοιιιιιιάὲἕὶ

349 4115 405 4182 geri
421 4131 520 4185 „pecus
538 4111 635 4182 campi,
656 4111 731 4166 ferae
747 4109 843 4180 campi,
863 4107 975 4180 reptilia
987 4110 1101 4181 campi‘:
1121 4111 1165 4167 bis
1177 4112 1318 4168 invenitur
1331 4115 1361 4170 in
1372 4115 1499 4184 fragmen-

347 4200 385 4254 tis
403 4197 571 4258 narrationis
582 4195 762 4268 babylonicae
774 4195 889 4250 verbum
901 4189 1053 4263 oraticnem]
1074 4197 1156 4260 ,bene
1166 4197 1234 4254 iecit
1249 4199 1413 4268 (iecerunt)“‚
1432 4189 1498 4266 quod

346 4283 437 4339 simile
465 4293 508 4338 est
533 4280 657 4338 hebraici
683 4289 723 4348 ,et
750 4281 828 4336 Deus
852 4280 926 4336 vidit
953 4279 1055 4342 bonnm
1080 4286 1160 4338 esse.
1197 4284 1359 4355 Perperam,
1386 4293 1416 4340 nt
1436 4273 1497 4334 mihi
