3276 5130
593 362 807 424 ..73-

119 529 163 614 (id
184 529 274 612 quod
296 551 340 594 ex
360 528 441 594 loeis
462 550 561 613 supra
583 529 843 596 commemoratis
859 531 994 597 fortasse
1005 531 1080 616 jure
1096 533 1272 619 colligitur)

114 637 183 704 dies
203 658 311 702 novae
333 637 432 702 lunae
454 657 493 702 ae
513 639 648 702 sabbata
670 637 830 704 celebrata
851 636 927 718 sint,
961 641 1076 723 profici
1104 644 1277 708 statuendo

114 748 246 810 sabbata
278 766 410 830 semper
442 745 574 810 eosdem
609 744 773 810 meusium
808 744 878 810 dies
913 745 1026 811 fuisse.
1080 749 1190 832 Atque
1226 771 1278 813 se-
1359 794 1363 804 ·

116 853 235 937 quitur,
260 863 301 918 ut
322 851 409 916 nihil
432 850 534 917 iidem
555 851 606 916 illi
627 851 691 917 loei
713 853 853 918 dooeant
873 853 914 918 de
935 855 1144 920 sabbatorum
1166 855 1276 940 ‹lispo-

115 960 244 1026 sitione.
300 959 456 1025 Ceterum
484 979 552 1024 uon
581 958 715 1024 difficile
744 959 828 1024 foret
856 981 988 1025 eausam
1015 961 1183 1044 invenire,
1220 985 1277 1028 our

115 1071 248 1133 sabbata
270 1079 306 1132 et
329 1067 399 1131 dies
420 1087 526 1131 novae
547 1065 646 1130 lunae
671 1065 824 1131 similiter
852 1069 893 1132 ab
915 1067 1073 1133 Israelitis
1100 1079 1171 1134 aeta
1196 1069 1273 1134 sint.

114 1177 225 1243 Quum
247 1174 341 1240 enim
362 1173 507 1238 sabbatis
528 1183 562 1238 et
584 1173 700 1238 diebus
727 1195 831 1240 novae
858 1175 956 1240 lunae
985 1175 1143 1242 saerifieia
1169 1177 1278 1259 quoti·

115 1281 226 1346 alianis
242 1281 370 1366 majora
390 1281 578 1346 eommunia
592 1279 717 1345 iruerint
735 1281 810 1364 (nisi
824 1281 908 1348 forte
924 1283 996 1366 quis
1011 1284 1198 1367 oontendat,
1215 1285 1278 1349 hoe

113 1409 242 1471 quoque
256 1397 333 1473 post
347 1386 503 1452 exsilium
524 1387 658 1452 demum
679 1386 876 1472 imperatum
897 1412 979 1472 esse,
1006 1392 1046 1456 de
1067 1413 1131 1474 qua
1151 1413 1186 1456 re
1209 1391 1277 1455 dis-

114 1495 253 1579 putandi
275 1495 333 1560 hie
353 1515 423 1560 non
449 1504 501 1560 est
527 1493 643 1579 loeus),
675 1517 743 1560 non
774 1497 896 1562 mirum
923 1509 989 1580 est,
1022 1498 1051 1564 si
1080 1498 1194 1563 eadem
1221 1510 1278 1563 aut

115 1602 215 1668 simili
248 1602 377 1668 ratione
403 1623 424 1665 a
452 1601 574 1686 populo
610 1603 771 1668 eelebrata
799 1604 878 1670 sint.
905 1643 906 1648 κ
930 1606 1167 1671 Verumtamen
1199 1605 1278 1670 lieet

116 1709 215 1774 etiam
240 1720 374 1794 putare,
407 1707 531 1774 ideireo
557 1719 686 1774 tantum
719 1711 790 1776 dies
819 1734 923 1778 novae
950 1713 1050 1778 lunae
1081 1723 1115 1778 et
1144 1715 1278 1778 sabbata

117 1817 246 1902 suspiras
268 1815 444 1901 eonjuuete
465 1817 648 1900 memorari,
674 1817 751 1900 quia
772 1819 943 1904 utrinque
966 1819 1094 1904 generis
1117 1819 1187 1884 dies
1202 1819 1278 1884 festi

118 1923 270 1990 omnibus
284 1923 465 2004 mensibus,
490 1933 597 1988 cetera
618 1924 790 1990 sollemnia
808 1926 910 1992 semel
931 1936 1061 1991 tantum
1081 1947 1277 2010 perannum

121 2031 272 2096 frebant¹.
324 2033 435 2114 Atque
463 2031 678 2098 Amosianum
708 2032 842 2115 quidem
874 2033 958 2098 illud
989 2036 1121 2118 probat,
1163 2034 1278 2100 Amosi

125 2148 227 2201 aetate
248 2137 344 2203 etiam
366 2139 420 2202 (lie
441 2160 545 2202 novae
568 2139 666 2202 lunae
693 2139 844 2204 homines
870 2139 1014 2224 negotiis
1041 2139 1192 2226 religiose
1219 2143 1278 2206 ab·

127 2243 291 2320 sunniae,
321 2245 378 2312 sed
400 2267 439 2310 eo
460 2267 529 2310 non
551 2246 698 2330 eogimur
725 2256 861 2331 putare,
893 2268 1006 2312 omnes
1041 2247 1140 2313 lunae
1173 2269 1277 2313 novae

129 2349 198 2416 (lies
222 2351 319 2416 simili
337 2353 433 2418 modo
455 2374 494 2418 ae
515 2355 650 2418 sabbata
671 2363 758 2418 aetos
780 2373 865 2436 esse,
897 2375 1011 2420 verum
1031 2354 1111 2420 lieet
1132 2357 1274 2438 eredere,

131 2458 239 2523 Amosi
258 2457 338 2524 illud
357 2461 399 2524 ad
420 2459 523 2526 solam
544 2460 674 2545 septimi
691 2460 830 2543 mensis,
856 2461 890 2524 h.
909 2483 938 2526 e.
963 2461 1086 2526 mensis
1105 2463 1274 2544 sabbatim,

129 2586 242 2632 novam
254 2566 362 2632 lunam
377 2577 534 2652 spectare,
561 2589 658 2651 quem
680 2566 768 2632 diem
789 2568 889 2632 etiam
909 2567 964 2632 lex
978 2570 1195 2636 Pentateuebi
1210 2572 1277 2636 otio

127 2673 281 2740 sabbatim
302 2674 465 2758 distingui
482 2673 597 2759 jubet,
624 2687 656 2740 et
677 2675 870 2760 prophetam
891 2678 1119 2744 tautummodo
1147 2689 1277 2764 propter

122 2781 369 2864 pamllelismum
396 2782 561 2866 poeticum
587 2781 677 2848 hune
704 2783 807 2867 diem,
844 2783 948 2850 rarius
979 2806 1057 2850 sane
1084 2798 1276 2852 mercatores

119 2909 226 2955 avaros
247 2889 493 2974 impedientem,
518 2910 723 2956 memorasse.

200 2999 356 3063 Ceterum
378 2995 705 3062 animadvertendum
727 3008 787 3078 est,
812 3009 850 3063 ut
870 2998 907 3062 in
922 2999 1158 3082 antiquissimis
1172 3000 1274 3083 libris,

117 3101 160 3168 ita
181 3105 218 3168 in
239 3103 475 3169 recentioribus
498 3107 632 3169 sabbata
654 3116 688 3170 et
709 3127 812 3171 novae
833 3106 932 3170 lunae
954 3107 1024 3171 dies
1045 3107 1180 3191 reperiri
1198 3129 1277 3172 eon·

113 3208 238 3293 juncta,
265 3233 341 3296 ergo
364 3210 445 3277 falso
468 3210 626 3297 suspicari
642 3213 810 3295 quosdam,
827 3212 1015 3277 vetustioris
1028 3212 1106 3276 libri
1121 3235 1193 3278 eam
1208 3235 1276 3278 rem

115 3337 183 3384 esse
204 3317 350 3404 signum.

198 3426 331 3494 Quibus
369 3428 466 3491 rebus
507 3425 663 3510 expositis
696 3418 883 3509 probavisse
920 3426 1004 3490 mihi
1036 3427 1165 3508 videor,
1202 3439 1277 3514 post

114 3531 233 3599 Mosen
254 3532 420 3598 Israelitas
442 3553 571 3617 semper
593 3531 769 3617 septimum
797 3553 958 3617 quemque
988 3533 1076 3599 diem
1105 3537 1276 3601 sabbatum

115 3637 281 3706 habuisse.
337 3639 403 3708 Qui
432 3639 556 3704 faemm
587 3639 647 3721 sit,
680 3651 718 3705 ut
746 3640 825 3706 ordo
853 3640 1010 3724 antiquus
1039 3665 1059 3706 a
1085 3643 1276 3728 Babyloniis

115 3795 320 3807 ——-—

184 3883 208 3944 1)
230 3879 273 3933 Ne
291 3880 355 3949 quis
372 3887 464 3952 putet,
494 3878 614 3935 sabbatis
640 3896 749 3951 quoque
772 3880 963 3936 eommereium
980 3889 1008 3936 et
1024 3880 1147 3937 laborem
1164 3883 1199 3937 ob
1217 3900 1276 3937 eam

115 3979 225 4020 eausam
242 3963 429 4020 intermissum
450 3981 522 4030 essa,
551 3965 626 4036 quod
649 3965 783 4021 sacrificia
806 3973 834 4022 at
857 3965 1027 4022 sollemnitas
1052 3984 1146 4022 eorum
1170 3967 1275 4021 dierum

115 4047 173 4105 illis
190 4048 283 4105 looum
300 4069 357 4106 uon
374 4049 565 4122 praebuerint:
586 4051 661 4122 quod
678 4051 789 4106 nomine
801 4052 863 4108 m!
882 4060 910 4106 et
922 4053 1098 4108 sabbatorum
1114 4050 1276 4124 babylonio-

114 4151 175 4190 rum
201 4144 301 4190 natura
326 4137 498 4208 prohibetur.
544 4135 617 4193 Satis
643 4144 735 4192 autem
761 4136 905 4208 probabile
928 4145 983 4204 est,
1012 4137 1153 4194 Israelitss
1179 4137 1277 4192 diebus

117 4237 203 4277 novae
220 4220 303 4276 lunae
321 4223 482 4278 oommeroio
500 4221 618 4294 aliisque
635 4223 764 4293 operibus
782 4241 812 4278 se
829 4224 967 4278 abstinere
985 4241 1041 4277 non
1063 4222 1148 4278 fuisse
1165 4231 1276 4294 eoeptu-

116 4323 162 4361 ros
179 4306 236 4364 uisi
253 4309 430 4365 sabbatorum
448 4315 530 4364 antea
546 4308 737 4364 institutorum
754 4308 878 4380 exemplo
897 4308 1039 4366 adductos.
