3276 5130
587 371 824 434 -107-

201 541 251 624 19)
283 539 402 605 Otium
422 539 628 606 sabbatinum
653 563 672 605 a
693 541 863 627 prophetis
885 552 918 606 et
939 541 1050 627 legum
1072 541 1282 627 scriptoribus

110 669 284 715 sacrorum
308 646 455 713 omniurn
477 647 617 713 habetur
637 649 830 714 maximum.
855 683 898 696 ·-
921 655 973 713 st.
993 655 1044 713 86.

198 757 254 840 20)
283 756 392 821 Causa
420 754 481 820 otii
512 755 670 822 sabbatiei
698 777 827 842 semper
856 777 893 820 ea
921 755 1129 840 potissimum
1158 758 1282 822 credita
1365 839 1367 842 Ι

110 873 171 944 est,
198 865 295 948 quod
317 864 488 929 sabbatum
511 862 581 928 dies
603 864 647 930 sit
667 864 813 930 Jebovae
836 884 938 944 sacer,
964 861 1021 946 qui
1042 861 1152 929 labore
1174 864 1283 930 homi·

109 993 193 1035 num
215 971 426 1057 profanetur.
450 1008 492 1018 -
517 977 656 1036 86-88.

199 1080 255 1163 21)
283 1079 361 1144 Non
382 1088 566 1159 senserunt,
592 1077 696 1144 otium
717 1077 954 1163 praescriptum
968 1077 1062 1162 sequi
1075 1077 1282 1145 sanctitatem

109 1186 244 1251 sabbati
269 1185 422 1252 similiter
443 1195 541 1270 atque
567 1185 707 1251 aliorum
735 1186 865 1251 dierum
893 1185 1049 1250 festorum
1076 1186 1282 1251 sanctitatem

111 1304 329 1378 sequeretur,
365 1293 423 1358 sed
452 1293 626 1358 sabbatum
653 1316 673 1358 a
702 1293 865 1380 principio
895 1293 970 1358 ideo
998 1313 1126 1358 sacrum
1159 1293 1282 1359 factum

109 1423 192 1482 esse,
220 1413 272 1466 ut
295 1409 378 1466 esset
399 1399 470 1465 dies
491 1399 562 1465 otii.
586 1436 630 1448 -
653 1407 705 1467 88.

201 1511 257 1594 22)
285 1510 378 1573 Deus
402 1507 494 1573 nullo
518 1517 662 1593 tempore
691 1511 738 1574 ab.
754 1507 914 1574 Israelitis
941 1507 1084 1572 creditus
1112 1519 1162 1573 est
1189 1529 1284 1593 prae-

111 1615 213 1700 cipue
252 1615 376 1680 idcirco
412 1614 589 1699 septimum
625 1636 788 1699 quemque
825 1615 913 1680 diem
946 1617 1118 1680 sabbatum
1154 1615 1279 1696 iecisse,

113 1735 152 1788 ut
182 1723 291 1790 servis
313 1734 354 1788 et
376 1722 536 1808 jumentis
563 1723 791 1806 requiescendi
819 1722 958 1788 facultas
987 1723 1130 1804 daretur,
1162 1723 1219 1788 sed
1245 1734 1283 1788 ut

114 1830 225 1915 ipsius
250 1831 320 1896 dies
342 1841 452 1896 essent
478 1841 608 1915 propter
635 1830 792 1915 pietatem
820 1831 893 1896 Deo
921 1829 1065 1895 debitam
1093 1827 1284 1894 hominibus

116 1939 327 2004 celebranda.
351 1976 394 1986 -
417 1943 555 2002 88-91.
1368 1935 1371 1945 '

208 2047 261 2130 23)
289 2045 424 2130 Semper
452 2065 528 2108 vero
556 2043 783 2126 crediderunt,
816 2044 916 2111 simul
936 2047 1080 2112 Jehovae
1110 2042 1284 2109 consilium

124 2151 241 2234 fuisse,
282 2163 320 2217 ut
352 2152 458 2218 otium
492 2150 696 2217 sabbatinum
727 2151 919 2218 hominibus
951 2153 1060 2218 labore
1094 2149 1284 2234 quotidiano

126 2261 252 2342 pressis,
277 2259 419 2326 maxime
440 2257 541 2324 servia
564 2261 608 2342 (et
624 2258 812 2345 jumentis),
838 2259 915 2324 usui
929 2271 1027 2325 esset.
1066 2257 1143 2322 Nou
1158 2279 1285 2322 merum

129 2366 271 2434 officium
293 2366 388 2447 illud,
414 2367 471 2430 sed
486 2365 587 2430 etiam
600 2367 799 2434 beneficium
814 2366 1069 2434 existimabatur.
1092 2402 1136 2413 -
1159 2370 1210 2427 91.
1230 2369 1282 2428 92.

211 2475 262 2559 24)
288 2474 469 2557 Utramque
490 2494 559 2538 rem
582 2474 809 2559 complectitur
830 2473 914 2539 ratio
937 2473 997 2538 otii
1013 2470 1182 2537 sabbatici
1210 2492 1287 2555 pro-

130 2583 229 2664 posita
251 2582 289 2646 in
310 2581 412 2646 altera
433 2591 526 2665 parte
547 2579 629 2666 legis
651 2581 847 2664 sabbaticae,
872 2602 969 2664 quam
983 2578 1090 2644 Exodi
1111 2577 1286 2664 decalogus

126 2687 223 2756 habet
246 2690 317 2773 (Ex.
336 2694 389 2770 20,
412 2691 475 2769 ll),
501 2697 534 2752 et
556 2686 701 2754 officium
723 2700 757 2755 et
777 2688 975 2754 beneficium
997 2707 1067 2753 esse
1089 2686 1194 2752 otium
1212 2688 1287 2751 sab-

123 2796 270 2865 baticum
292 2795 492 2880 significans.
516 2833 560 2844 —
583 2802 722 2861 92-93.

214 2907 263 2988 25)
290 2902 399 2968 Etiam
413 2903 663 2969 Deuteronomii
678 2904 814 2991 scriptor
835 2903 961 2969 ratione
983 2903 1042 2970 otii
1064 2901 1224 2968 sabbatici
1245 2902 1286 2966 ab

125 3009 198 3095 ipso
219 3010 317 3075 allata
337 3020 513 3093 utrumque
535 3011 646 3096 ponit,
677 3023 711 3077 et
738 3012 884 3078 officium
913 3033 983 3077 esse
1011 3009 1096 3076 illud
1125 3021 1158 3073 et
1184 3011 1286 3072 bene-

128 3117 391 3180 cium-100.

218 3225 267 3306 26)
293 3223 464 3290 Probabile
487 3235 550 3305 est,
583 3224 744 3290 rationem
772 3225 809 3288 in
839 3225 992 3312 decalogo
1013 3225 1122 3290 Exodi
1148 3222 1288 3309 positam

130 3330 377 3396 Deuteronomii
398 3330 548 3415 scriptori
569 3341 683 3396 notam
704 3330 806 3396 fuisse
828 3343 862 3397 et
883 3335 924 3397 ab
954 3353 992 3397 eo
1014 3331 1163 3397 consulto
1187 3329 1288 3396 omis-

128 3459 199 3503 sam
225 3460 306 3520 esse,
330 3450 369 3504 ut
390 3437 525 3503 alterius
547 3438 656 3503 locum
677 3437 822 3502 haberet.
847 3474 890 3486 —
914 3445 1051 3504 94-97.

217 3547 268 3628 27)
296 3544 415 3624 „Liber
435 3543 639 3610 sanctitatis“
661 3543 696 3608 id
718 3543 926 3629 potissimum
947 3546 1121 3631 praedicat,
1155 3548 1289 3612 sabbata

127 3673 200 3717 esse
222 3653 293 3716 dies
314 3650 458 3716 Jebovae
480 3672 598 3732 sacros,
624 3649 745 3734 quibus
759 3649 948 3720 hominibus
962 3653 1095 3740 negotio
1110 3677 1169 3720 sua
1184 3655 1289 3721 facere

127 3778 198 3822 non
219 3756 331 3820 boeot:
358 3777 455 3839 quam
477 3757 630 3822 omnibus
652 3756 853 3841 temporibus
879 3759 1095 3846 principalem
1124 3762 1184 3828 otii
1214 3764 1290 3828 sab·

129 3861 232 3929 betici
253 3882 385 3926 oausam
405 3863 551 3929 habitam
573 3885 643 3928 esse
664 3875 741 3929 ante
762 3865 944 3950 posuimus.
967 3906 1012 3916 -
1038 3876 1109 3932 too.
1131 3877 1201 3934 101.

218 3981 268 4062 28)
297 3976 360 4041 Cui
382 3976 429 4042 rei
451 3978 629 4060 consentit,
660 3980 748 4064 quod
770 3980 806 4044 in
828 3981 886 4047 illo
907 3982 991 4050 libro
1011 3983 1155 4068 ponitur,
1180 3985 1290 4049 Deum

134 4105 173 4149 eo
194 4083 331 4150 consilio
353 4085 488 4150 sabbata
509 4084 704 4168 instituisse,
729 4097 767 4152 ut
781 4089 950 4155 Israelitae
972 4091 1040 4156 otio
1062 4089 1133 4155 dies
1146 4091 1291 4158 Jehovae

133 4212 240 4256 sacros
269 4202 380 4257 sancte
413 4201 548 4276 agentes
583 4195 809 4276 ostenderent,
849 4197 1008 4262 Jebovam
1044 4197 1132 4282 ipsos
1168 4199 1291 4264 sancti-

132 4299 238 4363 ficare.
266 4307 401 4363 -101.
