3276 5130
598 331 814 394 „gp-

125 500 289 570 sententie
309 501 428 568 ceteris
450 500 578 586 legibm
600 500 775 568 sebbsticis
793 501 998 587 jehovisticis
1021 513 1054 566 et
1075 502 1177 567 alters
1198 514 1289 588 perte

84 603 89 618 '
124 609 203 694 legis
225 609 414 675 sabbaticse
436 607 721 674 deuteronomicse
742 605 905 694 probetur,
932 609 1046 684 latiore
1069 609 1289 695 disputatione

124 737 198 782 mox
224 715 432 782 instituenda
462 737 543 800 opus
572 724 637 796 est,
672 715 756 800 legis
788 727 899 786 eutem
927 719 1111 783 sebbstiose
1140 717 1288 803 decalogi

122 823 260 906 priorem
282 835 420 908 portem,
446 845 530 906 quse
552 823 659 888 Exodi
681 833 714 888 et
735 825 985 890 Deuteronomii
1014 823 1197 890 communis
1224 836 1285 904 est,

122 930 218 996 aliem
237 929 430 1015 significare
450 931 512 995 otii
533 931 693 996 subbatici
715 932 885 1012 rationem,
910 932 1008 996 facile
1031 943 1081 997 est
1102 931 1285 998 intellecto.

123 1040 205 1106 Nem
228 1038 257 1103 si
278 1039 453 1106 sabbatum
474 1047 561 1104 esset
582 1040 624 1102 ob
654 1059 726 1104 rem
753 1039 954 1126 remlsolem
984 1039 1217 1120 constitutum,
1249 1049 1286 1104 ut

123 1146 223 1211 servis
252 1156 287 1210 et
311 1143 474 1228 jumentis
502 1144 729 1228 requiescendi
760 1145 897 1212 facultas
927 1147 1073 1226 deretur,
1106 1169 1175 1211 non
1204 1157 1288 1211 esset

123 1275 236 1333 cause,
269 1274 331 1316 cur
358 1251 428 1316 dies
454 1251 599 1318 Jehovee
625 1273 717 1318 secer
737 1251 913 1319 haberetur
934 1265 969 1318 et
988 1265 1158 1340 putaretur
1177 1254 1288 1338 profe-

123 1360 194 1428 neri
214 1359 330 1425 labore
351 1380 475 1439 eorum,
501 1358 559 1441 qui
587 1381 785 1442 unoquoque
814 1360 870 1426 die
896 1361 1042 1444 quietem
1070 1362 1287 1428 necessariam

123 1465 272 1552 capiendi
294 1475 490 1551 potestatem
511 1467 688 1532 heberent:
714 1467 888 1553 decalogus
911 1490 987 1534 vero
1004 1467 1101 1552 jubet
1113 1470 1287 1536 sabbatum

123 1585 232 1638 sancte
254 1573 311 1658 agi
333 1581 367 1637 et
387 1595 458 1638 non
479 1595 588 1640 servos
610 1586 644 1640 et
662 1575 813 1659 jumento
835 1576 951 1656 solum,
977 1575 1035 1642 sed
1057 1575 1158 1645 etism
1180 1576 1286 1642 domi-

124 1703 203 1746 num
223 1680 410 1764 liberosque
432 1680 503 1765 ejus
525 1681 632 1746 otiari.
678 1682 734 1748 Illi
756 1683 905 1768 opinioni
926 1683 1027 1748 etism
1047 1683 1110 1750 hoc
1135 1684 1287 1750 adverse-

125 1799 185 1868 tur,
211 1789 299 1872 quod
320 1788 375 1854 lex
397 1788 563 1855 ssbbstice
584 1787 673 1856 inter
694 1811 747 1854 eas
770 1789 927 1856 collocate
947 1803 1007 1873 est,
1034 1813 1117 1874 quse
1138 1801 1287 1875 spectent

127 1897 168 1960 sd
189 1895 294 1960 officis
317 1917 395 1980 erge
414 1897 535 1962 Deum.
582 1897 669 1962 Nem
690 1896 719 1961 si
739 1899 913 1964 sabbatum
934 1897 1108 1982 praecipue
1122 1897 1288 1981 opererio-

129 2024 200 2066 rum
221 2013 254 2068 et
270 2003 496 2087 jumentorum
516 2002 655 2070 utilitati
677 2005 877 2072 destinatum
907 2014 1009 2084 esset,
1040 2003 1095 2070 lex
1120 2003 1286 2072 sabbatiee

132 2109 234 2176 sinere
262 2110 425 2193 quiescere
458 2110 568 2196 potius
605 2131 703 2194 quem
735 2111 830 2195 otiari
862 2110 1027 2196 impetens
1062 2110 1154 2177 nullo
1191 2121 1286 2194 pecto

134 2215 238 2300 legem
264 2217 423 2300 pietatem,
446 2239 525 2303 erge
552 2221 704 2304 parentes
733 2218 906 2302 jubentem
937 2229 1047 2304 posset
1078 2218 1282 2284 antecedere.

135 2324 225 2388 Hsec
254 2324 339 2408 prior
370 2325 455 2411 legis
482 2347 571 2410 pets,
606 2327 700 2412 cujus
733 2329 831 2392 verbs
857 2326 962 2411 prime
991 2337 1039 2394 nit
1074 2317 1179 2409 (sind)
1214 2337 1284 2394 'tint

137 2423 237 2515 tffipb
256 2426 354 2500 muln
374 2443 427 2502 st*
450 2443 529 2498 sunt
550 2433 634 2518 legis
657 2444 766 2520 ceput,
792 2434 887 2500 docet
909 2435 1082 2500 ssbbstum
1104 2453 1173 2498 esse
1195 2431 1285 2500 diem

135 2559 253 2604 sacrum
274 2550 403 2624 propter
423 2540 581 2624 pietatem
596 2541 668 2607 Deo
690 2541 836 2606 debitam
850 2541 917 2606 otio
933 2541 1175 2620 celebrandum,
1195 2539 1283 2622 quod

13 2679 15 2686 ,
133 2645 314 2724 „sabbatum
334 2647 500 2714 tenorem
523 2647 577 2714 sit.

208 2754 298 2820 Huic
318 2754 406 2839 perti
428 2754 510 2838 legis
531 2755 669 2840 scriptor
686 2755 936 2822 Deuteronomii
957 2755 1079 2841 adjecit
1099 2757 1214 2822 verbs:
1240 2765 1286 2822 ut

125 2861 369 2944 requiescat
390 2883 537 2927 servus
558 2873 654 2928 tuus
677 2875 716 2928 et
738 2863 892 2930 ancille
913 2876 982 2929 tus
1003 2863 1112 2930 sicut
1140 2874 1194 2930 tu.
1228 2863 1285 2943 ,Ee

122 2981 208 3050 sunt,
234 2969 293 3052 qui
316 2991 356 3040 ex
382 2969 424 3033 iis
450 2971 495 3052 (et
522 2971 662 3056 exlege
690 2971 856 3038 sebbetica
883 2971 961 3037 libri
989 2969 1145 3051 faederis,
1176 2971 1280 3038 Exod.

121 3083 171 3158 23,
193 3077 242 3160 12)
269 3076 478 3158 concludent,
509 3079 670 3144 creditum
691 3099 761 3144 esse
783 3080 893 3144 Deum
921 3081 1057 3144 sabbate
1086 3077 1281 3157 instituisse,

119 3197 158 3248 ut
178 3183 267 3252 servi
290 3195 324 3248 et
341 3183 493 3269 jumento
513 3186 673 3252 heberent
694 3186 851 3268 requietis
880 3185 1081 3252 facultatem.
1133 3187 1179 3248 At
1204 3183 1284 3254 estis

117 3291 255 3358 evidens
276 3317 348 3360 esse
371 3295 530 3373 existimo,
558 3293 755 3358 sententiam
777 3294 950 3358 verborum
965 3292 1097 3357 illorum
1110 3313 1179 3356 non
1194 3311 1279 3356 esse:

116 3399 226 3470 otium
246 3402 452 3467 sabbaticum
472 3400 673 3488 praescribo,
704 3409 744 3464 ut
771 3399 858 3464 servi
886 3399 937 3463 tui
959 3401 1093 3464 sabbato
1116 3397 1283 3481 quiescere

114 3509 257 3590 possint,
282 3509 368 3574 sieut
390 3520 442 3592 tu,
464 3509 608 3589 domine,
634 3508 749 3572 diebus
772 3506 925 3572 omnibus
952 3505 1103 3589 quiescis.
1150 3506 1284 3574 Etenim

115 3635 224 3696 quum
246 3617 343 3682 modo
366 3616 492 3684 domini
516 3616 603 3701 jussi
628 3615 695 3680 sint
724 3614 834 3680 senis
862 3614 1006 3678 diebus
1035 3613 1221 3680 laborer-e
1251 3623 1285 3682 et

115 3722 275 3808 deinceps
290 3724 430 3810 septimo
445 3723 552 3806 otiari,
570 3725 669 3788 serbe
680 3721 883 3806 (requiescet)
904 3721 1032 3801 „sicut
1047 3729 1110 3789 tu“
1125 3743 1284 3805 nonpos-

114 3843 199 3894 sunt
220 3830 287 3894 nisi
308 3831 351 3897 ed
372 3831 627 3896 sabbatieum
650 3829 857 3895 dominorum
879 3828 985 3894 otium
1011 3840 1168 3914 spectare.
1215 3831 1284 3896 Im·

115 3947 254 4020 peretur
275 3937 386 4024 igitur,
413 3951 452 4004 nt
473 3937 636 4016 dominiis,
656 3937 829 4022 sicutipse
844 3939 980 4002 ssbbsto
1000 3935 1149 4019 quiescit,
1174 3956 1283 4001 servos

116 4065 251 4128 quoque
274 4045 362 4111 sinet
389 4046 569 4130 quiescere,
606 4057 639 4110 et
667 4047 782 4126 verbe,
813 4045 854 4109 de
884 4044 1003 4130 quibus
1033 4041 1209 4128 quaeritur,
1241 4043 1284 4108 sd

115 4151 204 4217 illud
226 4163 356 4218 tentum
377 4153 560 4238 pertinent:
588 4164 642 4232 „et
662 4174 774 4218 servus
796 4163 873 4218 tuus
896 4163 929 4217 et
950 4150 1071 4216 ancille
1091 4160 1149 4217 tus
1170 4159 1203 4213 et
1223 4151 1283 4216 bos

115 4267 215 4326 tuus“
231 4272 294 4326 cte.
335 4261 445 4326 Etism
466 4261 573 4345 legem
588 4258 787 4324 sabbatieem
802 4259 901 4325 libri
922 4258 1101 4324 foederis
1114 4279 1284 4342 perperam
