3276 5130
597 351 811 414 ...81-

116 515 286 582 Israelitae
310 536 381 582 non
403 528 557 582 verentur
587 539 703 584 emere.
752 519 867 604 Neque
896 520 982 585 solos
1011 518 1199 606 peregrinos
1228 522 1285 586 ille

116 623 196 689 dioit
217 646 302 689 uvas
327 625 470 691 calcasse
497 637 531 690 et
558 625 744 711 manipulos
772 638 928 711 portasse.
979 629 1096 710 Itaque
1124 627 1285 693 Nehemia

116 731 284 797 Israelitas
307 733 424 819 magni
444 733 572 818 peoosti
593 732 727 829 oulpam'
745 733 782 797 in
797 755 832 800 ae
847 735 1018 800 admisisse
1029 734 1169 820 judicat,
1195 734 1284 820 ejus-

117 839 191 904 dem
211 840 354 925 peceati,
382 841 470 924 quod
491 839 646 905 interitus
668 841 762 926 regni
783 842 903 906 ‚Iudaei
924 863 1021 907 eausa
1043 841 1154 906 fuerit.

201 949 281 1012 Jam
312 946 472 1012 librorum
500 947 764 1034 propheticorum
797 959 831 1012 et
863 948 1093 1015 historicorum
1126 949 1213 1014 looos
1243 947 1284 1012 ad

117 1063 264 1119 nostram
280 1054 508 1139 quaestionem
522 1054 723 1140 pertinentes
738 1077 851 1121 omnes
866 1055 1153 1122 consideravimus.
1193 1055 1285 1123 Quo-

117 1181 190 1224 rum
212 1161 311 1226 nullo
332 1165 490 1247 probatur
510 1163 622 1248 opinio
651 1185 774 1244 eorum,
807 1164 864 1248 qui
882 1163 1043 1249 judicant,
1077 1164 1285 1228 sabbatorum

118 1270 400 1334 observandorum
422 1270 556 1334 modum
577 1280 650 1355 post
678 1269 832 1336 exsilium
863 1271 1028 1336 diversum
1056 1271 1159 1336 fuisse
1187 1279 1284 1352 atque

117 1387 195 1441 ante
218 1377 378 1442 exsilium
392 1399 533 1462 eumque
548 1376 790 1462 diligentiorem
805 1388 902 1461 atque
919 1378 1123 1444 severiorem.
1164 1376 1285 1442 Contra

120 1484 198 1548 inde
221 1487 264 1548 ab
287 1484 403 1550 Amosi
431 1495 538 1550 aetate
567 1505 671 1568 usque
700 1486 742 1550 ad
763 1485 960 1550 Nehemiam
989 1487 1123 1551 sabbata
1152 1491 1286 1570 apparat

119 1589 233 1654 habita
256 1613 328 1658 esse
350 1591 430 1672 dies,
457 1592 577 1675 quibus
598 1592 691 1657 nefas
713 1603 798 1657 esset
817 1593 948 1678 negotia
977 1611 1085 1678 agere,
1118 1604 1151 1658 et
1172 1589 1285 1656 Amosi

121 1707 228 1762 aetate
250 1721 320 1764 non
341 1699 573 1785 neglegentius
594 1699 749 1764 videntur
769 1699 826 1764 sed
849 1699 1042 1785 diligentius
1064 1720 1161 1784 quam
1175 1698 1287 1764 Nehe-

123 1804 209 1869 miae
230 1816 377 1892 tempore
398 1809 534 1872 sabbata
547 1808 754 1892 negotiorum
769 1805 1012 1871 intermissione
1027 1807 1188 1872 oelebrata
1203 1827 1284 1870 osse.

126 1911 306 1978 Posteriora
337 1915 471 1978 demum
504 1923 667 1999 tempore,
705 1933 769 1998 quo
803 1915 892 1999 leges
922 1913 1138 1978 Pentateuohi
1173 1929 1286 1977 omnes

129 2017 254 2082 dudum
273 2021 410 2107 scriptas
438 2021 540 2086 fuisse
561 2035 658 2086 nemo
680 2032 795 2107 nogat,
825 2020 944 2085 Judaei
970 2023 1103 2085 sabbata
1133 2031 1200 2084 tam
1228 2039 1287 2082 an·

132 2122 185 2186 xie
217 2147 309 2210 agere
342 2139 537 2214 coeperunt,⁴
578 2141 676 2212 quam
709 2127 834 2193 Christi
867 2137 972 2193 aetate
1006 2137 1144 2212 egerunt
1177 2137 1210 2191 et
1245 2126 1286 2189 ad

135 2239 278 2296 nostrum
303 2257 406 2319 usque
433 2247 563 2322 tempus
590 2245 705 2320 agunt.
759 2236 852 2304 Quae
881 2243 982 2318 quum
1011 2234 1058 2299 ita
1085 2234 1169 2317 sint,
1202 2231 1288 2296 nihil

137 2346 185 2400 est
211 2353 266 2402 our
285 2353 445 2426 putemus,
477 2353 551 2428 post
571 2341 689 2406 Mosen
712 2342 855 2423 demum,
880 2363 948 2406 non
970 2343 1011 2406 ab
1033 2339 1104 2425 ipso
1127 2339 1287 2405 eonstitu-

137 2453 207 2508 tum
235 2467 301 2512 esse
329 2451 453 2515 sabbati
481 2447 603 2535 agendi
637 2448 772 2514 modum
801 2471 839 2514 ao
866 2449 1044 2527 rationem,
1084 2455 1167 2532 qua'e
1196 2445 1285 2530 leges

140 2550 345 2620 Pentateuohi
366 2557 604 2642 praescribunt.

215 2663 446 2730 Examinemus
491 2685 587 2749 porro
634 2663 694 2728 has
740 2663 831 2749 leges
873 2663 973 2749 ipsas,
1024 2674 1062 2727 ut
1104 2661 1283 2740 videamus,

131 2789 209 2832 num
251 2771 451 2857 antiquiores
492 2772 631 2836 eandem
679 2771 807 2836 sabbati
855 2770 975 2857 agendi
1016 2770 1177 2835 rationem
1221 2779 1288 2834 sta·

129 2885 240 2960 tuant,
272 2895 372 2963 qtsam
401 2897 483 2962 quae
510 2878 687 2964 posteriore
720 2889 865 2965 tempore
896 2878 1036 2964 scriptae
1067 2897 1138 2942 esse
1170 2875 1289 2941 dieun-

127 2991 196 3066 tur,
242 3009 286 3050 an
322 3001 436 3051 verum
471 2986 532 3067 sit,
582 2986 668 3069 quod
705 2985 787 3050 dicit
822 2985 1134 3051 Wellhausen¹:
1175 2982 1289 3061 „Boios

126 3091 311 3159 Jehoos'sten
332 3095 400 3159 and
419 3092 711 3159 Deuteronomtston
740 3093 783 3158 iet
812 3095 869 3158 dsr
889 3091 1048 3171 Sobdotln
1079 3092 1137 3155 der
1152 3087 1289 3176 sros'liols

125 3199 224 3266 sehon
247 3201 347 3266 Amos
362 3205 392 3282 8,
412 3206 434 3265 t
456 3201 522 3287 aas
537 3201 597 3266 don
618 3201 753 3265 Hondol
772 3199 965 3284 moqedetnt
989 3197 1086 3280 wid,
1118 3196 1185 3261 aine
1207 3195 1289 3261 sto-

124 3307 275 3394 n'olctunq
299 3309 430 3392 speeiell
442 3310 511 3396 fttr
544 3309 604 3372 den
633 3306 802 3371 Aokorbou
834 3354 941 3386 ....‚
979 3304 1023 3369 t'm
1051 3302 1290 3370 Prs‘estaroodox

125 3416 269 3502 doyeyen
300 3465 335 3480 ..
358 3464 366 3479 .
389 3415 472 3480 what
491 3414 541 3479 atie
562 3411 794 3480 Saddotdsrola
821 3429 904 3498 yons
930 3412 1070 3478 obstruet
1095 3431 1288 3497 qmommen,

124 3523 217 3588 nieht
237 3523 287 3589 ola
309 3521 404 3588 nuto
425 3545 485 3588 oon
506 3522 605 3588 anem
626 3524 751 3602 Iltwos,
777 3521 835 3585 dos
857 3521 906 3585 ota
927 3519 979 3584 ἰὴν
1001 3519 1188 3586 bestimmten
1213 3518 1292 3582 Uor-

124 3632 212 3697 relat
239 3629 408 3708 orsedet‘nt,
443 3653 472 3694 z.
495 3631 539 3696 Β.
571 3649 630 3695 oon
657 3629 714 3693 der
734 3627 934 3708 Foderunt,
966 3627 1101 3692 tondens
1127 3625 1176 3691 als
1199 3622 1292 3690 Ruta

124 3737 354 3804 camebotta.

216 3845 421 3931 Deoalogi
443 3846 579 3909 verbum
601 3855 754 3928 quartum
775 3854 880 3924 vetat,
905 3865 948 3908 ne
969 3842 1067 3907 homo
1089 3841 1142 3906 vel
1158 3839 1293 3924 jumen·

128 3964 203 4018 tum
225 3952 365 4038 septimo
388 3952 452 4034 die,
479 3954 612 4018 sabbato
642 3952 797 4032 Jehovae,
826 3951 960 4034 aliquod
987 3969 1069 4034 opus
1096 3939 1221 4032 (muln
1239 3939 1286 4028 55)

127 4061 244 4141 faeiat,
283 4083 385 4144 quum
418 4059 552 4144 reliquis
589 4081 648 4124 sex
680 4059 894 4126 hebdomadis
926 4057 1042 4122 diebus
1077 4052 1292 4119 laborandum

202 4303 226 4366 15
250 4300 404 4357 Gasoln'olste
421 4299 532 4365 lausto,
552 4298 636 4352 llll.

184 4402 265 4452 laets.
280 4403 377 4446 historia
390 4401 487 4446 subbati.
1072 4399 1088 4450 6
