3276 5130
597 353 812 416 ,67-

205 525 281 588 Jam
296 521 334 585 in
348 520 494 586 medium
509 519 682 606 protulisse
696 519 779 585 mihi
795 520 906 586 videor
926 521 1046 602 omnia,
1070 543 1153 606 quae
1167 521 1283 588 literae

122 630 379 717 Babyloniorum
400 640 434 694 et
447 628 657 714 Assyriorum
679 629 789 694 adhuc
808 639 906 693 notae
928 629 968 693 de
990 629 1193 694 hebdomade
1209 631 1283 693 sab-

121 743 261 824 batoque
296 759 409 803 eorum
441 736 596 821 produnt.
653 737 704 800 Ex
736 735 855 819 quibus
887 735 1094 821 intelligitur,
1127 735 1280 801 habuisse

121 848 192 913 illos
215 848 366 926 sabbata,
392 844 462 909 dies
484 844 594 928 quiete
617 843 799 925 distinctos,
825 855 868 926 et,
902 843 989 927 quod
1012 843 1144 926 quidem
1166 843 1282 908 verisi-

122 955 297 1020 millimum
323 963 384 1030 est,
417 950 504 1016 diem
526 950 713 1036 septimum,
746 960 897 1035 quartum
920 950 1095 1023 decimum,
1126 961 1282 1016 unumet·

121 1061 325 1142 vicesimum,
351 1058 658 1124 duodetricesimum
680 1059 838 1144 cujusque
867 1058 989 1124 mensis
1018 1061 1152 1123 sabbata
1180 1057 1281 1122 fuisse

122 1169 227 1252 iisque
255 1169 336 1253 [regi
357 1188 395 1232 ao
425 1167 646 1232 sacerdotibus
675 1167 809 1232 fortasse
839 1165 983 1231 severius
1014 1187 1111 1249 quam
1139 1165 1274 1248 civibus)

120 1275 332 1340 interdictum
355 1274 507 1338 omnibus
530 1274 691 1358 operibus,
726 1296 808 1358 qnae
831 1273 897 1338 otio
919 1271 1118 1358 praescripto
1148 1282 1280 1356 possent

122 1383 307 1461 detrahere,
345 1391 572 1446 contractuum
604 1381 732 1447 tabulas
765 1392 876 1446 tamen
908 1380 960 1446 his
997 1402 1126 1464 quoque
1164 1380 1279 1444 diebus

120 1489 241 1554 multas
265 1487 401 1572 scriptas
431 1509 512 1553 esse.
559 1487 668 1552 Etiam
698 1488 927 1574 cognovimus,
957 1489 1018 1554 hos
1046 1488 1116 1553 dies
1144 1487 1281 1552 minime

120 1597 221 1662 fuisse
255 1607 341 1661 atros
373 1617 481 1679 neque
514 1596 692 1662 credendos
722 1619 790 1662 esse
820 1598 934 1662 Lunae
961 1597 1079 1696 festos:
1113 1595 1211 1660 aliem
1241 1595 1280 1658 de

122 1704 247 1790 origine
270 1723 382 1768 eorum
404 1703 594 1788 opinionem
616 1704 853 1788 proposuimus.

207 1848 322 1928 Itaque
341 1844 411 1927 jam
434 1855 484 1909 est
504 1846 689 1929 probatum,
721 1847 892 1910 sabbatum
920 1866 988 1909 non
1017 1843 1150 1909 omnino
1179 1843 1281 1909 fuisse

125 1952 344 2017 Israeliterum
365 1951 543 2037 proprium,
571 1973 647 2038 ergo
669 1953 758 2037 apud
787 1975 840 2017 eos
869 1962 998 2016 tantum
1024 1951 1153 2037 proprio
1182 1951 1279 2015 modo

125 2059 358 2124 conformatum
381 2061 654 2142 emendatumque
677 2080 757 2140 esse,
783 2069 880 2143 atque
902 2060 1029 2140 Mosen,
1063 2058 1091 2123 si
1109 2059 1185 2143 jure
1206 2059 1282 2121 sab-

126 2166 195 2230 bati
219 2165 384 2231 israelitici
412 2177 525 2232 auctor
557 2187 625 2232 esse
655 2167 791 2248 dicatur,
833 2176 943 2230 tamen
973 2187 1041 2231 non
1067 2165 1211 2250 primum
1247 2163 1281 2227 id

130 2271 286 2338 invenisse
307 2283 365 2338 aut
384 2294 403 2337 a
417 2274 489 2338 Deo
504 2272 677 2358 accepisse,
704 2274 761 2338 sed
775 2272 928 2358 religioni
942 2274 1085 2338 Jehovce
1100 2291 1282 2336 accommo-

135 2378 242 2442 datum
261 2400 343 2444 nova
363 2380 436 2465 lege
459 2382 668 2446 confirmasse
697 2403 735 2447 ac
756 2381 911 2445 sanxisse.
961 2381 1046 2444 Sunt
1068 2378 1202 2464 quidem
1225 2377 1282 2461 qui

134 2486 361 2568 contenderint,
383 2489 590 2552 sabbatorum
607 2487 856 2553 israeliticorum
871 2497 1023 2577 naturam
1038 2498 1105 2553 tam
1121 2485 1283 2551 diversam

133 2613 199 2657 esse
219 2615 236 2656 a
254 2594 463 2679 babylonicis,
490 2606 528 2659 ut
549 2595 641 2660 nullo
664 2573 835 2660 affinitatis
857 2594 989 2660 vinculo
1011 2595 1187 2680 conjuncta
1213 2615 1281 2659 esse

129 2699 305 2766 videantur.
353 2701 408 2766 Sic
434 2704 672 2768 Robertson
700 2703 872 2768 Smith¹z
907 2703 995 2782 ,The
1023 2702 1165 2770 sabbath
1195 2724 1231 2767 as
1261 2725 1281 2766 a

124 2808 184 2892 day
205 2809 246 2894 of
251 2809 315 2893 joy
336 2809 446 2873 stands
467 2808 502 2872 in
523 2810 656 2874 marked
681 2819 821 2876 contrusi
849 2819 878 2877 to
910 2811 961 2876 rte
988 2811 1126 2896 unlecky
1155 2810 1281 2876 33333313

120 2915 181 3000 day
202 2917 244 3000 eff
262 2915 312 2980 lde
327 2916 582 3002 Babyloniam...
625 2917 690 2982 The
712 2919 848 2984 relation
869 2921 910 3006 of
922 2920 972 2984 tlte
987 2920 1125 2984 Hebrew
1138 2917 1280 2985 dathan

122 3029 151 3086 to
174 3021 226 3087 the
243 3023 417 3109 planetam
438 3024 522 3089 week
544 3025 586 3110 of
603 3024 653 3090 tlte
668 3026 896 3112 Babylonium,
922 3027 956 3092 in
970 3025 1070 3091 33136313
1087 3026 1138 3091 tha
1152 3023 1277 3090 secanti

115 3305 237 3367 quatuor
253 3296 375 3352 Vesdar:
395 3296 454 3353 illis
471 3298 518 3367 ³l19
534 3297 579 3352 his
595 3298 642 3368 ⁴l19
658 3300 777 3366 numeri,
799 3299 848 3370 qui
865 3306 907 3354 est
924 3297 1037 3354 illerum
1053 3297 1189 3354 mensium
1205 3315 1280 3353 oom-

114 3383 244 3438 munium
266 3381 439 3450 tabularum,
464 3383 625 3438 tribuendas
653 3401 712 3440 esee
734 3385 897 3456 putaverim.
935 3384 1043 3440 Mensis
1064 3383 1151 3456 igitur
1176 3381 1282 3440 Veadar

113 3469 204 3525 multo
216 3466 312 3540 plures
324 3466 456 3524 babemus
473 3469 591 3536 tabulas,
613 3486 695 3540 quam
706 3469 811 3526 calculo
824 3470 898 3526 fecto
910 3470 936 3526 ei
948 3469 1136 3526 concesserim.
1168 3470 1282 3527 Tabulis

112 3554 253 3626 pluribus,
273 3571 354 3624 quam
365 3571 416 3625 ego
428 3555 515 3626 potui,
534 3554 696 3611 examinatis
708 3555 824 3611 fortasse
836 3555 907 3612 aliae
918 3556 1039 3613 rationes
1051 3555 1233 3614 invenientur.
1247 3589 1281 3598 -

115 3638 282 3696 Interoalati
299 3647 365 3694 sunt
381 3657 488 3696 menses
505 3639 550 3696 his
568 3640 660 3697 annis:
682 3645 732 3695 597
751 3660 774 3696 3.
790 3641 854 3697 chr.
876 3641 930 3710 (El.
942 3643 994 3708 II),
1018 3646 1068 3698 595
1091 3642 1143 3709 (El.
1155 3643 1202 3710 ΙΙ),
1230 3647 1280 3698 583

115 3725 170 3792 (ΕΙ.
189 3725 243 3791 ΙΙ),
264 3727 314 3779 568
337 3725 448 3791 (Veni),
470 3729 519 3780 562
540 3726 653 3794 (vead),
675 3731 724 3782 559
744 3727 854 3796 (vead),
881 3733 931 3784 554
950 3728 1063 3797 (vead),
1089 3732 1139 3784 552
1161 3729 1277 3796 (vead),

116 3815 168 3866 333
190 3809 303 3877 (Venas,
333 3815 382 3866 333
410 3811 461 3878 (nn
486 3812 534 3878 Π),
564 3815 614 3867 333
639 3813 751 3882 worn),
780 3817 830 3868 536
858 3813 909 3882 (31.
927 3816 978 3881 13),
1008 3817 1058 3869 sss
1083 3815 1200 3882 (3333),
1229 3819 1279 3870 sar

117 3896 171 3960 mr.
192 3895 241 3961 Π),
262 3898 313 3950 333
331 3897 441 3964 (vtes),
462 3901 512 3952 513
534 3898 648 3965 33333),
670 3902 720 3955 333
740 3897 794 3963 (nl.
813 3899 861 3966 11),
883 3903 932 3955 333
952 3901 1069 3968 words,
1097 3905 1146 3954 333
1166 3901 1277 3970 (vernt

113 3982 159 4036 Ex
177 3981 225 4036 his
241 3980 313 4036 ret‘o
330 3982 512 4039 intercalandi
535 3983 699 4056 babylonios
723 3985 845 4042 nondum
867 3993 959 4058 potest
981 3987 1120 4060 cognosci.
1163 3985 1274 4047 Mirum.

113 4066 191 4138 qnod
210 4066 294 4122 semel
310 4068 422 4124 biennio
435 4068 490 4125 duo
502 4087 609 4126 menses
620 4070 776 4128 intercalati
788 4079 862 4136 sunt,
881 4072 973 4144 priore
988 4089 1060 4129 anno
1074 4076 1140 4140 (536)
1159 4070 1227 4128 Elul
1238 4072 1276 4139 11,

112 4152 203 4208 altero
225 4156 293 4218 (535)
314 4154 429 4210 Vandar.

187 4258 210 4321 1)
234 4257 288 4310 The
302 4259 430 4328 prophete
448 4261 483 4325 of
499 4259 598 4324 133331,
618 4275 646 4330 p.
661 4263 710 4315 384
724 4277 764 4332 sq.

594 4355 603 4374 .
1036 4365 1073 4416 5,
