3276 5130
815 333 1050 394 -110-

354 499 515 583 pulpiti.
547 501 683 566 fortasse
721 513 769 566 est
798 501 889 581 „dies
919 502 1127 587 designatus,
1159 512 1279 583 status,
1313 501 1382 566 dies
1413 501 1521 584 quieti

352 607 567 672 destinatus“.

437 733 490 796 Ad
511 755 586 818 pag.
607 740 749 798 62—65:
790 734 940 797 Forsitan
963 735 1082 800 dixerit
1111 735 1288 819 quispiam,
1316 735 1522 818 Babylonios

350 862 416 902 non
449 863 503 920 eo,
538 843 624 924 quod
653 863 811 905 numerus
846 841 992 906 senarius
1025 842 1064 906 iis
1098 864 1325 907 mensurarum
1357 863 1524 906 numerus

350 947 540 1032 principalis
563 961 660 1025 esset,
679 949 836 1013 adductos
859 970 939 1030 esse,
958 960 996 1012 ut
1017 971 1112 1014 senos
1129 951 1199 1014 dies
1221 950 1409 1034 negotiosos
1433 960 1527 1014 tam-

351 1075 449 1136 quam
470 1055 606 1140 plenum
634 1057 754 1122 laboris
782 1057 915 1120 modum
939 1057 1059 1140 quietis
1082 1058 1170 1122 diem
1200 1057 1356 1139 subsequi
1378 1056 1519 1138 vellent,

350 1161 450 1226 immo
473 1185 548 1228 vero
571 1186 746 1229 numerum
775 1164 939 1228 senarium
961 1164 1086 1228 factum
1108 1187 1179 1229 esse
1201 1185 1432 1228 mensurarum
1453 1187 1523 1228 nu-

349 1291 476 1334 merum
499 1272 714 1358 principalem
735 1293 782 1352 eo,
803 1273 891 1354 quod
914 1271 1117 1356 singularum
1140 1273 1386 1338 hebdomadum
1408 1285 1521 1337 essent

350 1378 422 1441 seni
444 1379 514 1443 dies
537 1401 719 1464 operarum.
760 1380 858 1447 Quod
880 1380 990 1445 minus
1012 1381 1181 1465 probabile
1205 1392 1263 1444 est.
1303 1380 1392 1444 Nam
1412 1402 1512 1462 quum

350 1509 418 1550 non
440 1485 483 1550 sit
505 1488 677 1568 credibile,
704 1487 942 1551 hebdomadem
969 1490 1206 1570 sabbatumque
1228 1487 1382 1552 instituta
1401 1509 1465 1550 esse
1487 1511 1508 1550 a

349 1593 464 1677 primis
492 1595 665 1659 hominum
693 1594 885 1678 parentibus
916 1606 1049 1679 accepta
1081 1596 1133 1678 (of.
1158 1617 1232 1681 pag.
1257 1598 1318 1679 12),
1355 1595 1505 1679 originem

350 1723 462 1766 eorum
485 1725 553 1767 non
574 1725 747 1787 possumus
769 1701 835 1766 nisi
859 1725 899 1766 ex
920 1703 1103 1768 rationibus
1126 1702 1331 1766 naturalibus
1354 1715 1504 1786 repetere.

351 1810 660 1896 OErcumspicientes
689 1821 799 1875 autem
822 1831 872 1874 res
895 1811 1060 1875 naturales
1090 1821 1175 1875 certe
1205 1811 1386 1895 reperimus
1416 1811 1510 1875 ratio-

348 1939 425 1981 nem
447 1918 614 1999 idoneam,
643 1942 725 2003 quae
747 1919 898 1983 homines
921 1919 962 1982 ad
984 1940 1112 1987 menses
1136 1918 1172 1980 in
1195 1930 1366 2001 quatemas
1389 1918 1515 1982 hebdo-

347 2027 458 2089 mades
487 2026 680 2092 dividendos
714 2026 888 2091 adduxerit
923 2025 974 2109 (cf.
998 2048 1074 2111 pag.
1098 2028 1168 2110 37),
1200 2027 1256 2091 sed
1286 2025 1414 2088 nullam
1445 2049 1518 2091 meo

343 2133 471 2217 judicio
495 2156 559 2218 qua
582 2135 736 2199 commoti
759 2137 894 2198 sabbata
924 2133 1061 2218 septimo
1085 2155 1213 2216 quoque
1236 2133 1289 2198 die
1318 2134 1520 2198 revertentia

347 2240 590 2306 constituerint.
648 2243 694 2307 Ut
723 2241 847 2325 singuli
875 2263 916 2305 ex
944 2241 1088 2325 septenis
1116 2241 1231 2306 diebus
1259 2241 1324 2305 otio
1347 2241 1521 2326 relinque-

346 2361 469 2430 rentur,
495 2349 566 2413 fieri
588 2372 655 2414 non
678 2349 823 2433 potuisse
846 2349 929 2412 mihi
957 2350 1103 2429 videtur,
1138 2349 1203 2414 nisi
1232 2360 1329 2412 autea
1356 2370 1521 2412 numerus

347 2455 493 2520 senarius
520 2459 562 2522 ad
586 2479 754 2522 mensuras
778 2456 981 2520 definiendas
1005 2456 1154 2521 adhiberi
1176 2456 1291 2520 solitus
1314 2456 1368 2520 sit.
1419 2458 1522 2522 Certe

346 2563 451 2628 multo
474 2564 604 2630 facilius
625 2575 732 2648 potest
755 2563 908 2648 cogitari,
935 2565 991 2648 qui
1014 2565 1137 2628 factum
1159 2564 1218 2642 sit,
1244 2575 1280 2627 ut
1302 2587 1442 2629 numero
1465 2589 1522 2630 se-

346 2671 439 2735 nario
462 2682 628 2755 tamquam
651 2673 765 2756 regula
786 2694 997 2737 numerorum
1020 2673 1321 2736 distribuendorum
1344 2694 1521 2737 mensura-

345 2799 483 2859 rumque
507 2779 769 2843 definiendarum
792 2779 940 2844 adhibito
969 2780 1101 2866 septimi
1128 2779 1285 2864 cujusque
1315 2780 1382 2843 diei
1409 2781 1520 2844 otium
1634 2835 1635 2840 ,

346 2884 567 2968 instituerent,
588 2909 684 2969 quam
707 2897 745 2950 ut
768 2888 977 2951 sabbatorum
997 2889 1198 2973 agendorum
1220 2909 1345 2951 morem
1367 2887 1404 2950 in
1429 2890 1518 2952 ordi-

346 2992 467 3057 nandis
496 2993 642 3056 numeris
666 3003 699 3058 et
721 2993 884 3058 mensuris
913 2995 1125 3080 respicerent.
1170 2996 1214 3058 Et
1236 3016 1337 3076 quum
1359 2994 1396 3056 in
1418 2999 1512 3059 rebus

345 3101 552 3170 naturalibus
580 3104 790 3165 sabbatorum
812 3099 1040 3166 institutorum
1063 3125 1159 3167 causa
1181 3103 1302 3166 frustra
1325 3115 1508 3184 quaeratur,

345 3210 436 3274 haud
459 3208 595 3274 difficile
625 3221 674 3275 est
703 3209 852 3273 invenire
882 3209 1026 3275 rationes
1053 3211 1244 3288 nonnullae,
1271 3231 1354 3292 quac
1385 3211 1519 3294 possint

346 3317 527 3382 existimari
550 3341 680 3399 causae,
708 3341 766 3383 cur
787 3339 943 3381 numerus
967 3317 1113 3381 senarius
1140 3338 1368 3381 mensurarum
1396 3339 1522 3382 nume-

344 3447 400 3488 rus
422 3425 613 3510 principalis
636 3426 740 3490 factus
763 3425 817 3489 sit.

432 3555 550 3618 Annus
570 3576 598 3618 e.
618 3576 646 3618 c.
666 3553 794 3618 circiter
809 3562 827 3617 6
844 3566 885 3624 ><
903 3562 920 3617 6
937 3567 978 3625 ><
999 3563 1034 3617 10
1053 3554 1132 3635 dies,
1162 3562 1178 3618 6
1195 3565 1237 3625 ><
1254 3561 1271 3616 2
1289 3575 1419 3618 menses
1436 3577 1521 3619 con-

345 3661 439 3739 tinet,
466 3662 589 3726 mensis
614 3671 690 3734 6><
709 3669 725 3724 5
750 3660 830 3725 dies.
874 3661 956 3725 Orbi
979 3663 1055 3728 solis
1079 3684 1116 3727 ea
1138 3663 1268 3725 videtur
1291 3683 1361 3724 esse
1384 3663 1524 3747 magni-

345 3769 444 3849 tudo,
469 3779 508 3832 ut
537 3769 787 3834 trecentesimae
818 3769 1037 3853 sexagesimae
1067 3769 1152 3854 parti
1179 3768 1354 3854 hemicycli
1383 3790 1444 3853 par
1471 3771 1524 3835 sit

371 3875 431 3928 180⁰

361 3950 431 4016 W
446 3941 487 3968 =
504 3875 586 4030 30'),
625 3922 657 3976 et
688 3911 717 3974 si
748 3909 880 3994 duplice
913 3911 1000 3976 orbis
1035 3911 1112 3976 solis
1145 3910 1376 3996 magnitudine
1410 3913 1521 3978 uteris

344 4055 441 4119 modo
476 4052 669 4120 dimetiendi
703 4051 790 4117 orbis
824 4051 971 4117 coelestis
1007 4053 1073 4138 (qui
1102 4053 1360 4138 Babyloniorum
1394 4075 1465 4116 mos
1499 4078 1523 4118 a

344 4161 583 4227 mathematicis
606 4163 648 4226 ad
670 4170 820 4224 nostrum
842 4180 947 4242 usque
969 4172 1100 4245 tempus
1120 4163 1260 4242 tenetur)
1281 4181 1423 4243 eumque
1441 4183 1523 4246 gra-

344 4269 423 4333 dum
446 4291 540 4334 vocas
569 4269 625 4354 (ita
654 4280 692 4340 ut
715 4265 800 4354 cycli
822 4266 889 4330 sint
913 4275 973 4331 360
990 4269 1110 4352 gradus
1131 4305 1175 4315 -
1191 4267 1268 4330 360⁰
1282 4304 1334 4347 —,
1362 4277 1412 4331 tot
1435 4280 1522 4352 quot
