3310 5126
615 339 831 402 ..19-

140 512 288 596 logorum
309 529 374 573 usu
395 507 610 573 hebdomadis
632 507 766 574 adducti
795 508 933 594 septimo
961 527 1089 590 quoque
1116 503 1170 570 die
1198 489 1304 569 salva-

139 619 219 684 toris
248 639 290 682 ex
317 615 455 680 mortuis
484 615 670 681 resuscitati
698 615 890 681 memoriam
919 614 1109 695 coluerunt,
1141 613 1199 677 sed
1227 613 1304 696 quia

137 723 352 791 hebdomadis
374 745 473 788 usum
494 726 535 788 ab
551 725 713 790 Hebraeis
729 733 935 810 acceperunt.
974 722 1092 786 Nostra
1106 719 1209 804 igitur
1222 719 1305 784 heb·

143 836 252 900 domas
275 833 368 917 quasi
390 831 513 897 coaluit
536 853 577 896 ex
597 831 751 897 hebraica
773 843 806 896 et
828 830 1033 916 astrologica.

226 943 324 1006 Forte
346 940 435 1005 idem
451 940 530 1021 dies,
558 939 615 1024 qui
630 940 719 1026 apud
733 940 876 1004 Judaeos
892 941 1074 1020 sabbatum,
1099 937 1187 1023 apud
1202 947 1307 1003 astro-

142 1050 232 1135 logos
255 1049 325 1114 dies
349 1048 483 1113 Saturni
505 1048 581 1131 fuit,
606 1049 694 1113 unde
718 1047 788 1113 dies
812 1047 944 1113 Saturni
972 1057 1006 1112 et
1026 1048 1198 1111 sabbatum
1222 1047 1306 1130 (sab-

141 1158 228 1243 bata)
254 1157 344 1242 apud
366 1156 537 1242 scriptores
552 1159 719 1222 Romanos
741 1156 830 1221 idem
852 1155 964 1220 valent
979 1164 1012 1219 et
1025 1154 1171 1219 Rabbini
1192 1153 1307 1240 plane-
1367 1173 1370 1182 ·

141 1277 210 1330 tam
241 1265 375 1329 Saturni
405 1258 494 1360 inqu}
523 1265 558 1330 h.
584 1287 613 1330 e.
647 1265 820 1350 „lstellaml
849 1263 1070 1330 sabbatioam“
1098 1273 1304 1348 nuncupant.

142 1375 239 1438 Forte
263 1373 347 1437 illud
370 1372 546 1458 contigisse
569 1358 655 1454 dixi',
684 1373 771 1458 quod
793 1371 948 1457 astrologi
977 1371 1074 1453 diem,
1102 1391 1166 1454 quo
1188 1370 1307 1434 Judaei

143 1483 278 1547 sabbata
299 1483 451 1566 agebant,
478 1503 547 1545 non
569 1483 611 1545 ob
634 1501 706 1545 eam
728 1480 834 1566 ipsam
855 1501 925 1544 rem
940 1479 1081 1544 Saturno
1096 1479 1221 1544 dicasse
1238 1500 1308 1544 cre-

143 1589 290 1654 dendum
312 1598 370 1654 est.
409 1589 497 1653 Nam
518 1587 654 1654 Judaeis
677 1590 850 1654 sabbatum
871 1587 1020 1670 ultimus,
1045 1585 1215 1672 astrologis
1239 1586 1308 1651 dies

144 1696 278 1762 Saturni
300 1706 357 1761 aut
378 1696 505 1782 primus
527 1707 585 1761 aut
607 1707 718 1762 sextus
738 1696 953 1760 hebdomadis
976 1695 1045 1761 dies
1068 1706 1146 1775 erat,
1174 1706 1207 1760 et
1229 1695 1309 1778 quid

144 1803 314 1890 astrologis
336 1827 412 1870 oum
433 1806 636 1870 ludaeorum
657 1803 823 1869 sabbatis?
866 1805 979 1872 Quum
1008 1812 1118 1867 autam
1149 1803 1308 1868 Saturnus

145 1935 299 1998 regnasse
322 1913 486 1978 diceretur
508 1923 614 1978 aetate
636 1935 751 1994 aurea,
778 1934 842 1996 qua
863 1933 971 1995 neque
993 1911 1185 1976 servitutem
1207 1911 1309 1977 fuisse
1345 1945 1347 1954 .

143 2044 251 2106 neque
272 2022 422 2086 laborum
443 2021 627 2086 molestiam
648 2020 798 2086 homines
819 2019 975 2105 pressisse
996 2029 1111 2104 poetae
1133 2022 1306 2102 canebant,

144 2129 240 2194 facile
262 2129 337 2213 quis
359 2129 488 2215 opinari
509 2128 635 2214 potuit,
668 2131 855 2209 Hebraeos,
888 2127 1008 2211 quippe
1032 2127 1089 2210 qui
1111 2128 1226 2192 diebus
1250 2130 1309 2194 Sa-

145 2237 237 2302 turni
259 2259 330 2302 sese
351 2237 418 2302 otio
441 2237 645 2302 committere
668 2247 701 2301 et
722 2236 823 2302 servis
846 2246 880 2300 et
900 2234 1011 2321 pecori
1041 2234 1231 2319 quiescendi
1259 2237 1309 2302 fa-

149 2344 306 2408 cultatem
327 2345 404 2408 dare
425 2345 473 2409 fas
493 2355 658 2430 putarent,
683 2344 744 2409 hos
767 2344 837 2409 dies
859 2345 900 2407 ab
922 2342 1003 2427 ipsis
1024 2346 1157 2410 sabbata
1180 2367 1310 2409 nuncu-

149 2461 242 2536 patos
264 2451 386 2536 agitare
408 2453 585 2518 Saturnum
608 2465 811 2520 venerantes.
857 2451 932 2518 Qua
954 2452 994 2516 de
1016 2475 1114 2520 causa
1136 2451 1309 2519 Tacitus

150 2557 222 2623 loco
245 2581 342 2644 supra
361 2562 442 2646 (pag.
465 2564 511 2648 13)
532 2562 631 2628 allato
645 2563 770 2648 pergit:
797 2563 886 2644 „Alii
905 2563 1063 2630 honorem
1078 2584 1154 2627 eum
1169 2563 1309 2627 Saturno

149 2665 277 2730 baberi:
302 2689 361 2732 seu
381 2668 544 2755 principia
565 2670 735 2756 religionis
757 2671 963 2737 tradentibus
985 2671 1103 2753 Idaeis,
1131 2691 1211 2754 quos
1234 2692 1310 2734 cum

148 2774 288 2840 Saturno
310 2776 420 2860 pulsos
444 2787 478 2841 et
500 2778 684 2843 conditores
714 2781 822 2864 gentis
852 2781 1055 2866 accepimus3
1090 2801 1149 2844 seu
1179 2778 1265 2862 quod
1292 2800 1310 2842 e

145 2893 271 2967 septem
286 2883 459 2966 sideribus,
483 2886 555 2968 quis
570 2887 722 2952 mortales
736 2909 787 2953 res
810 2898 980 2973 regtmtur,
998 2888 1155 2953 altissimo
1178 2889 1255 2952 orbe
1278 2896 1311 2950 et

144 2991 320 3076 praecipua
341 2992 490 3076 potentia
512 2994 607 3058 stella
630 2995 765 3060 Saturni
786 2995 925 3060 seratum:
958 3019 997 3060 ac
1024 2997 1179 3082 pleraque
1205 2995 1310 3060 caele-

146 3097 248 3162 stium
269 3097 337 3162 vim
358 3121 453 3164 suam
475 3111 508 3165 et
530 3123 663 3166 cursum
684 3104 840 3188 septimos
866 3125 924 3188 per
945 3125 1098 3168 numeros
1121 3103 1307 3169 conficiant.

146 3205 196 3268 Hi
217 3206 300 3270 ritus
329 3226 459 3290 quoquo
482 3209 580 3274 modo
602 3210 731 3276 inducti
758 3211 955 3294 antiquitate
985 3212 1245 3289 defenduntur“;
1278 3219 1311 3274 et

146 3311 226 3376 Dio
250 3313 426 3378 Cassius
448 3317 675 3382 xxxvllu
701 3317 801 3384 dicit:
833 3313 910 3398 „iias
936 3367 1042 3384 .....
1068 3318 1125 3384 καὶ
1147 3315 1208 3405 τὴν
1229 3311 1311 3405 ἡμέ-

147 3441 212 3504 ραν
234 3417 295 3507 τὴν
316 3427 377 3488 τοῦ
399 3419 535 3509 Κρόνον
556 3425 767 3514 καλουμένην
789 3420 961 3494 ἀνέθεσαν
979 3475 1110 3493 ......
1117 3431 1134 3462 “

232 3529 342 3612 Atque
364 3551 455 3594 nunc
483 3553 612 3616 quoque
641 3543 735 3616 sunt,
769 3534 827 3618 qui
848 3535 1057 3615 contendant,
1083 3535 1311 3598 Hebraeorum

146 3636 281 3699 sabbata
302 3635 463 3722 principio
487 3639 620 3705 Saturni
642 3641 743 3706 fuisse
765 3641 835 3706 dies
857 3642 990 3708 sestos¹.
1037 3642 1103 3708 Sed
1128 3642 1209 3707 haec
1235 3661 1323 3706 senff

146 3741 267 3823 tentia,
302 3744 450 3828 quamvis
477 3745 647 3832 ingeniose
675 3771 746 3814 eam
777 3750 920 3816 maxime
949 3752 987 3816 F.
1012 3753 1122 3815 Baur
1149 3750 1312 3815 studuerit

146 3851 293 3934 probare,
320 3851 513 3936 diligentius
536 3856 721 3922 examinata
743 3858 849 3922 omnis
877 3857 1174 3924 verisimilitudinis
1196 3879 1312 3942 expers

149 3979 354 3990 —————-

219 4047 240 4112 1)
262 4046 452 4114 r.B0hlcn‚
479 4052 528 4107 das
546 4052 717 4108 adeladam
738 4055 885 4123 (1830),11
903 4058 1049 4112 att-252.
1087 4053 1183 4108 Ferd.
1202 4055 1308 4119 Baur,

147 4129 197 4186 der
224 4132 297 4186 hebr.
325 4133 426 4190 Sndbat
448 4157 475 4192 u.
500 4139 543 4193 dte
565 4140 768 4212 Nationalflata
793 4143 839 4197 dea
861 4143 1026 4197 mosaaaten
1053 4140 1161 4206 Gallus,
1187 4139 1216 4194 in
1243 4140 1308 4193 Tot.

147 4217 278 4272 zeitschr.
287 4221 345 4288 sttr
365 4222 501 4297 Theoloys'e
521 4226 595 4290 1832,
616 4224 818 4281 111125-192.
853 4227 980 4292 Vatke,
1007 4228 1050 4282 die
1067 4227 1128 4280 ortt.
1151 4225 1241 4280 Theoi.
1266 4227 1312 4280 des

147 4305 183 4358 A.
200 4303 229 4358 Τ.
250 4307 348 4372 (1835),
369 4306 383 4359 Ι
404 4310 452 4361 198
466 4326 526 4380 sqq.
566 4311 733 4378 (Kssencn,
758 4314 857 4367 Godad.
875 4331 928 4368 van
947 4315 1010 4379 Iar,
1031 4313 1046 4367 1
1064 4317 1114 4368 260
1128 4329 1169 4383 sq.
1189 4315 1260 4380 282).

1071 4415 1104 4470 2*
