3310 5126
830 301 1045 364 ,36-

446 470 544 534 Dicat
565 469 744 555 quispiam:
771 469 930 552 quidest,
957 492 1016 535 cur
1036 469 1065 534 is
1088 471 1166 535 ordo
1188 471 1395 556 planetarum
1415 472 1520 554 baby-

360 580 487 646 lonicus
514 599 583 642 non
610 577 772 662 principio
800 577 863 640 hao
889 577 960 662 ipsa
989 578 1115 642 ratione
1141 576 1514 664 (magnitudinis1dico)

361 685 558 752 constitutus
572 683 772 766 minimeque
787 705 828 748 ex
844 685 926 748 serie
945 682 977 769 (
998 687 1039 768 (ᾖ
1063 683 1090 770 ἕ
1115 684 1152 771 ᾏ
1175 684 1206 769 Ω
1229 685 1327 771 ’ρΘ
1341 695 1432 749 ortus
1448 706 1520 748 esse

360 794 585 859 existimetur?
620 792 717 859 Quod
735 791 845 854 minus
860 791 1027 875 probabile
1042 801 1101 872 est,
1127 791 1204 874 quia
1218 791 1276 856 illa
1298 792 1396 856 series
1418 791 1521 856 lumi·

358 924 440 966 num
460 901 665 986 planetarum
686 920 754 962 non
776 897 854 963 satis
877 909 965 962 certa
987 908 1051 976 est,
1085 909 1123 963 ut
1145 899 1293 963 ordinem
1313 899 1519 983 planetarum

357 1009 436 1074 inde
464 1008 595 1072 duxisse
616 1005 815 1089 Babylonios
842 1004 1018 1070 verisimile
1044 1005 1158 1070 haberi
1186 1006 1300 1091 possit.
1345 1007 1520 1070 Accedunt

357 1117 449 1181 haec.
495 1114 625 1178 Ruinae
646 1111 761 1196 templi
782 1111 1021 1196 Borsippensis,
1048 1133 1130 1195 quae
1145 1113 1223 1178 Bira
1237 1113 1379 1178 Nimrud
1397 1135 1519 1178 vocan-

357 1235 428 1304 tur,
465 1221 560 1306 cujus
594 1220 708 1305 templi
736 1220 803 1284 VII
835 1218 982 1282 tabulata
1014 1219 1149 1284 diversis
1183 1220 1343 1284 coloribus
1376 1220 1517 1305 singulis

356 1330 497 1416 planetis
512 1329 670 1392 attributa
685 1328 805 1406 erant²,
833 1326 952 1389 docent
967 1325 1165 1414 ordinem(
1195 1325 1221 1411 ὅ
1250 1326 1280 1411 Ω
1300 1327 1344 1413 Θ
1358 1329 1399 1411 (5
1417 1327 1455 1413 ΞΓ
1476 1327 1510 1412 ’ρ

356 1436 549 1521 Babyloniis
563 1435 665 1499 fuisse
678 1443 806 1514 notrum,
830 1443 929 1515 atque
943 1445 1054 1517 portae
1069 1433 1302 1498 Thebarum
1312 1438 1334 1514 ³,
1360 1434 1516 1498 Boeotiae

357 1543 485 1630 oppidi,
510 1565 530 1606 a
552 1541 676 1606 colonis
699 1539 864 1606 Semitiois
886 1539 1026 1618 conditi,
1054 1541 1175 1625 quippe
1198 1563 1281 1624 quae
1304 1552 1430 1625 septem
1452 1541 1515 1606 diis

354 1652 579 1737 planetarum,
615 1647 838 1714 meridionalis
872 1647 941 1711 Soli
977 1648 1158 1732 (Apollini),
1200 1648 1368 1713 orientalis
1401 1649 1516 1712 Lunae

360 1757 520 1842 )Dianae),
554 1767 726 1840 sequentes
748 1754 861 1833 Marti,
888 1755 1064 1836 Mercurio,
1090 1755 1183 1834 Jovi,
1209 1757 1346 1836 Veneri,
1374 1755 1514 1820 Saturno

354 1888 463 1932 sacrae
484 1864 626 1934 fuerint.
659 1865 898 1942 demonstrant,
923 1862 1023 1925 etiam
1045 1862 1192 1927 ordinem
1219 1861 1250 1947 (
1279 1865 1319 1947 ἅ
1350 1862 1377 1948 ὅ
1409 1862 1446 1948 9)
1477 1862 1507 1946 Ω

357 1973 463 2060 ⁴00,
490 1993 531 2036 ex
552 1971 610 2036 illo
634 1971 785 2052 ductum,
808 1969 878 2054 jam
900 1969 1080 2052 antiquitus
1102 1991 1122 2033 a
1143 1969 1274 2054 populis
1298 1970 1514 2034 Semiticis

353 2082 526 2146 inventum
547 2100 629 2144 esse.
674 2077 860 2142 Thebarum
882 2076 1066 2142 conditores
1087 2075 1269 2142 Phoenices
1297 2077 1398 2144 fuisse
1427 2078 1515 2142 veri-

353 2187 461 2254 simile
484 2197 551 2268 est,
575 2186 756 2252 Phoenices
778 2195 889 2249 autem
911 2183 1006 2248 illum
1027 2183 1233 2268 planetarum
1255 2185 1404 2250 ordinem
1425 2195 1515 2250 certe

351 2317 420 2360 non
441 2294 505 2379 ipsi
526 2293 732 2374 invenerunt,
759 2292 817 2356 sed
836 2314 877 2356 ex
891 2290 1073 2376 Babylonia
1088 2301 1295 2376 acceperunt,
1319 2292 1512 2378 astrologiae

352 2414 385 2468 et
407 2401 509 2466 studii
530 2401 737 2485 planetarum
757 2398 873 2483 patria.
923 2398 1039 2480 Itaque
1060 2397 1229 2484 probabile
1257 2398 1341 2462 mibi
1368 2399 1510 2485 videtur,

350 2508 549 2594 Babylonios
571 2508 809 2572 hebdomadem
830 2504 1057 2589 astrologicam
1077 2505 1252 2587 invenisse,
1278 2505 1371 2590 cujus
1385 2507 1513 2591 primus

351 2617 420 2680 dies
440 2617 555 2679 Lunae
577 2625 671 2691 esset,
697 2613 835 2676 ultimus
857 2613 972 2677 Solis4.

437 2724 479 2786 In
499 2721 703 2786 hebdomade
724 2719 917 2804 astrologica
946 2719 1074 2784 sabbati
1108 2719 1184 2804 (diei
1213 2719 1279 2784 otio
1308 2720 1506 2804 celebrandi)

349 2831 439 2896 locus
460 2841 610 2894 nonest.
656 2827 802 2893 Ultimus
824 2826 905 2905 dies,
937 2826 1005 2890 sive
1029 2826 1124 2906 Solis,
1158 2828 1227 2892 sive
1255 2827 1401 2892 Nehonis
1430 2827 1508 2910 fuit,

349 2960 408 3002 cur
430 2937 501 3001 dies
524 2936 644 3019 quietis
666 2933 782 3013 fuerit,
807 2934 843 2996 in
864 2934 982 2998 horum
1004 2934 1140 3000 deorum
1169 2945 1286 2999 natura
1316 2955 1414 2998 causa
1440 2957 1510 2999 non

348 3045 525 3135 invenitur.
577 3043 641 3107 Dei
674 3052 787 3106 antem
816 3041 919 3106 Nereo
953 3041 1023 3106 dies
1060 3045 1112 3125 )=
1135 3041 1205 3106 dies
1232 3041 1374 3124 Saturni)
1408 3042 1509 3106 etiam

419 3221 442 3283 l)
468 3214 531 3270 Sive
556 3232 606 3286 pro
628 3212 741 3267 luminis
765 3212 983 3283 uniuscujusque
1007 3211 1093 3282 copia
1135 3212 1242 3266 Lunam
1265 3210 1323 3266 Soli
1347 3212 1508 3267 anteoedere

346 3302 478 3375 oportuit,
499 3299 573 3371 quod
589 3299 693 3370 majore
710 3298 741 3353 in
763 3298 867 3352 honore
889 3297 944 3351 fuit
965 3305 994 3352 et
1016 3305 1100 3352 noctu
1121 3296 1199 3352 nullo
1222 3296 1327 3352 lumine
1349 3305 1505 3368 superatur,

345 3388 435 3443 noctis
453 3393 545 3442 autem
561 3385 667 3440 lumina
684 3383 818 3453 astrologi
829 3383 947 3438 maxime
964 3383 1104 3437 curabant.
1133 3384 1228 3438 Venus
1245 3383 1356 3454 quidem
1367 3383 1507 3438 interdum

345 3473 454 3544 fulgore
472 3479 583 3543 superat
599 3470 703 3535 Jovem,
723 3469 801 3524 Mare
819 3468 974 3531 Saturnum,
996 3468 1044 3522 sed
1062 3468 1171 3540 saepius
1182 3468 1259 3524 Jovis
1277 3476 1305 3522 et
1317 3467 1428 3523 Saturni
1445 3469 1508 3542 ple·

345 3560 406 3614 nior
422 3557 471 3612 lux
488 3557 606 3613 videtur.

414 3651 439 3714 2)
457 3647 586 3702 Inlimum
596 3645 684 3716 nigris
699 3647 761 3710 (Ὀ),
783 3645 932 3699 secundum
942 3643 1027 3700 luteis
1041 3649 1101 3710 (ᾖ),
1121 3643 1169 3697 ΙΙΙ
1180 3643 1271 3699 rubris
1284 3647 1342 3712 (ἃ),
1363 3644 1403 3699 1v
1414 3645 1505 3700 aureis

346 3739 409 3801 (Θ),
432 3735 458 3788 V
475 3732 546 3787 albis
563 3735 625 3799 (Ω),
651 3731 691 3784 VI
707 3728 841 3785 caeruleis
862 3735 924 3796 (d),
951 3745 1085 3784 summum
1102 3729 1241 3799 argenteis
1259 3733 1310 3795 (d)
1330 3728 1442 3786 laminis
1459 3731 1505 3786 in-

343 3821 426 3876 ducta
449 3820 564 3874 luerunt
589 3817 715 3886 (Henry
737 3813 962 3881 Rawlinaon).
991 3817 1025 3870 V.
1046 3815 1078 3872 G.
1095 3814 1269 3881 Raulinson,
1290 3815 1337 3870 the
1356 3816 1408 3871 five
1426 3825 1505 3886 great

341 3903 520 3970 monarchies,
539 3903 570 3957 11
587 3905 645 3956 546.

410 3994 434 4056 3)
454 3991 489 4044 V.
508 3987 657 4044 Braudis
675 3985 706 4040 in
723 3988 865 4051 „Hermos‘
881 3986 912 4040 Π
930 3987 980 4038 259
993 4003 1053 4057 sqq.

409 4081 435 4142 4)
455 4075 546 4135 Quam
563 4074 592 4127 in
610 4071 768 4143 opinionem
785 4070 844 4126 solo
855 4069 953 4142 templi
965 4071 1159 4142 Borsippansis
1169 4071 1328 4127 testimonio
1341 4072 1500 4129 adducerer.

341 4164 383 4217 De
407 4161 495 4232 portis
518 4159 675 4213 Thebarum
699 4156 854 4223 dubitatur,
886 4157 919 4210 cl.
944 4156 1104 4222 Boudissin‚
1136 4158 1248 4212 &adden
1270 4177 1319 4213 zar
1340 4161 1501 4214 comitates

341 4245 636 4317 Religiomyeecbt‘elta
656 4244 687 4299 ΙΙ
705 4245 755 4297 263
767 4251 824 4297 not.
