3310 5126
811 335 1025 396 „25-

339 503 469 589 saepius
491 493 623 588 signum
645 501 934 567 determinativum
956 502 1090 568 deorum
1111 503 1246 570 nomina
1267 515 1385 570 notans
1406 525 1500 588 prae-

338 611 483 676 mittitur
505 632 603 694 quam
633 611 733 690 illud,
767 632 831 693 quo
860 610 973 674 stellae
1003 610 1248 694 designantur1.
1303 612 1441 677 Solem
1468 621 1502 676 et

338 720 496 784 Lunam
519 720 596 784 deos
618 716 875 803 Babyloniorum
897 716 999 782 fuisse
1021 717 1229 784 notissimum
1257 731 1306 786 est
1335 731 1369 785 et
1397 719 1502 805 pluri-

338 826 402 890 mis
423 826 505 891 locis
526 828 692 911 probatur.
740 826 871 891 Ceteros
893 825 1041 910 planetas
1063 825 1161 910 paulo
1186 826 1357 892 difficilius
1386 837 1436 892 est
1464 827 1501 890 in

339 935 474 998 deorum
503 933 760 1018 Babyloniorum
788 955 925 998 numero
954 933 1136 998 ostendere.
1182 935 1371 1016 Planetam,
1404 955 1501 1018 quem

339 1040 460 1106 Graeci
488 1041 645 1106 Veneri
673 1041 911 1122 attribuenmt,
950 1062 1051 1125 quum
1081 1061 1135 1105 eos
1165 1052 1292 1108 constet
1319 1066 1339 1108 a
1369 1041 1501 1108 Semitis

339 1149 491 1215 didicisse
519 1149 667 1234 planetas
698 1149 834 1212 deorum
862 1147 1052 1212 nominibus
1080 1159 1209 1230 notare,
1244 1161 1502 1216 consentaneum

339 1268 388 1322 est
409 1258 498 1342 apud
513 1256 652 1321 Semitas
675 1255 777 1322 fuisse
800 1256 895 1320 deam
909 1255 1028 1320 amoris
1043 1267 1101 1321 aut
1123 1257 1194 1340 ejus
1215 1258 1395 1343 proprium,
1414 1258 1502 1343 apud

339 1362 540 1447 Babylonios
563 1363 664 1448 igitur
686 1363 810 1428 Istaris.
858 1365 1020 1427 Probatur
1041 1364 1103 1429 hoc
1125 1385 1181 1446 eo,
1214 1367 1301 1449 quod
1330 1366 1366 1430 in
1389 1365 1501 1430 tabula

338 1469 461 1555 assyria
482 1471 614 1555 planeta
636 1471 785 1536 accadice
807 1471 935 1536 dit-tad
954 1482 1087 1536 vocatus
1117 1493 1251 1558 vespere
1272 1469 1372 1556 Iitcr,
1404 1492 1500 1536 mane

339 1577 429 1644 Balit
449 1578 614 1642 nominari
636 1578 794 1643 dicitur²:
820 1577 972 1662 planetae
1000 1590 1112 1644 autem
1138 1601 1207 1644 non
1235 1579 1408 1666 conspicui
1435 1578 1502 1642 nisi

338 1695 396 1751 aut
417 1707 550 1771 vespere
572 1696 630 1750 aut
651 1707 748 1750 mane
769 1707 838 1749 uon
859 1696 938 1750 sunt
965 1695 1093 1771 praeter
1120 1688 1283 1752 Venerem
1312 1699 1346 1754 et
1370 1689 1502 1752 Mercu-

341 1794 446 1875 rium,
477 1815 540 1858 nec
568 1804 677 1878 potest
703 1792 867 1875 dubitari,
899 1794 981 1878 quin
1010 1793 1050 1858 de
1073 1795 1201 1859 Venere
1231 1795 1331 1877 illud,
1362 1817 1431 1860 non
1460 1795 1502 1858 de

338 1901 503 1967 Mercurio
534 1901 660 1966 dictum
689 1901 742 1964 sit.
790 1902 989 1968 Graecorum
1016 1902 1143 1966 Marti
1165 1903 1270 1968 Ninet
1298 1903 1410 1987 (Adur)
1445 1911 1502 1965 aut

339 2011 474 2094 Ndryol,
500 2032 638 2094 quorum
656 2020 793 2094 uterque
808 2008 888 2073 belli
903 2019 952 2074 est
966 2010 1056 2092 deus,
1083 2011 1319 2096 comparandus
1334 2021 1394 2076 est.
1434 2009 1501 2078 Qui

340 2129 451 2184 autem
465 2117 724 2202 Babyloniorum
746 2117 793 2181 dii
817 2118 1016 2199 Saturno,
1042 2118 1156 2200 Jovi,
1180 2118 1413 2184 Mercurio?
1448 2117 1502 2180 Ad

339 2227 425 2292 hanc
448 2247 517 2290 rem
540 2225 786 2311 dijudicandam
807 2224 871 2288 viri
893 2225 981 2290 docti
1002 2227 1176 2311 praecipue
1198 2226 1421 2292 adhibuerunt
1440 2246 1502 2288 no-

338 2335 429 2400 mina
458 2332 600 2418 planetis
628 2355 648 2396 a
674 2332 845 2396 Mandaeis
874 2333 1043 2417 imposita,
1075 2335 1133 2418 qui
1161 2333 1365 2400 Mercurium
1393 2331 1498 2413 Esto,

340 2445 504 2508 Venerem
519 2444 648 2518 Errare,
673 2441 814 2504 Martem
829 2439 938 2522 Nirtq,
964 2442 1081 2506 Jovem
1096 2443 1164 2523 Bit,
1191 2443 1370 2507 Saturnum
1385 2439 1507 2504 Katre

341 2549 520 2636 appellant.
567 2549 679 2617 Quum
701 2548 791 2612 enim
813 2570 936 2612 nomen
957 2549 1052 2612 Baba
1074 2571 1114 2612 ex
1136 2547 1259 2634 assyrio
1275 2548 1383 2625 Nata,
1408 2547 1507 2631 May

340 2680 382 2722 ex
403 2657 527 2742 Neroni
548 2654 755 2739 corruptione
778 2666 885 2720 ortum
908 2677 978 2720 esse
1000 2655 1159 2736 videatur,
1185 2655 1376 2739 conjiciunt,
1396 2657 1507 2739 Baby-

339 2763 445 2830 lonios
471 2763 613 2827 Martem
640 2762 808 2847 planetam
837 2784 913 2826 cum
943 2763 1004 2828 deo
1031 2765 1169 2848 Narycl,
1200 2762 1402 2828 Mercurium
1430 2783 1506 2825 cum

340 2873 401 2936 deo
424 2872 519 2935 Naba
547 2869 727 2934 miscuisse.
775 2871 873 2938 Quod
902 2871 1032 2936 videtur
1060 2871 1240 2956 probabile.
1293 2869 1407 2934 Minus
1436 2868 1507 2932 evi-

342 2981 423 3044 dens
446 2988 505 3059 est,
531 2977 666 3043 nomine
688 2977 761 3058 Bel,
787 2979 875 3061 quod
889 2979 981 3044 Jovis
1003 2990 1052 3044 est
1072 2980 1161 3064 apud
1176 2979 1369 3058 Mandaeos,
1394 2978 1507 3061 Baby-

339 3086 503 3152 loniorum
526 3085 625 3150 deum
647 3085 789 3150 Marduk
816 3085 1027 3171 significaril,
1059 3087 1116 3171 qui
1146 3108 1224 3151 sane
1253 3085 1420 3150 interdum
1442 3085 1509 3150 Bet

340 3202 473 3260 vocatus
502 3215 571 3258 esse
600 3193 747 3274 videtur,
780 3215 893 3258 verum
925 3193 1088 3279 principio
1120 3204 1153 3258 et
1180 3193 1373 3278 plerumque
1405 3193 1506 3257 etiam

339 3300 571 3387 posterioribus
593 3301 794 3386 temporibus
817 3302 963 3366 diversus
985 3304 1026 3366 ab
1049 3302 1106 3368 illo
1128 3303 1284 3368 deusest.
1326 3301 1507 3366 Saturnum

341 3408 395 3473 dci
416 3407 520 3474 Na'add
550 3409 664 3492 (Adur)
686 3409 852 3494 planetam
874 3409 985 3491 fuisse,
1013 3410 1091 3474 inde
1113 3409 1287 3494 praecipue
1309 3408 1506 3473 concludere

342 3515 459 3598 solent,
485 3517 583 3599 quod,
609 3515 725 3581 ceteris
741 3516 882 3601 planatis
904 3515 971 3583 illis
994 3516 1058 3582 diis
1074 3516 1272 3598 distributis,
1290 3515 1393 3582 Mart
1416 3538 1506 3581 unus
1630 3543 1631 3567 o

412 3776 435 3839 1)
456 3772 647 3845 Ideogramms
667 3773 749 3828 doum
766 3773 925 3844 significans
944 3772 1025 3828 stella
1042 3781 1092 3842 est,
1113 3773 1210 3831 stellae
1222 3773 1413 3845 significantur
1425 3773 1506 3845 signo

341 3859 482 3916 extribus
499 3859 588 3916 stellis
605 3859 766 3930 composito.
801 3859 885 3919 Quod
902 3859 1007 3916 suflicit
1030 3861 1065 3915 ad
1088 3860 1269 3933 probandum,
1289 3858 1507 3932 Babyloniorum

341 3945 407 4001 deos
424 3964 457 4002 eo
475 3953 612 4018 tempora,
635 3963 690 4016 quo
708 3945 806 4002 literae
824 3956 956 4002 cuneatae
973 3946 1102 4004 inventae
1120 3955 1199 4012 sunt,
1220 3946 1307 4003 fuisse
1326 3945 1436 4012 stellas,
1456 3953 1506 4002 aut

342 4049 404 4086 cum
422 4031 512 4088 stallis
530 4039 606 4088 arcto
623 4031 734 4088 vinculo
753 4032 924 4104 conjunctos.

410 4120 436 4185 2)
455 4117 603 4190 Babylonii
619 4116 707 4188 igitur
724 4135 779 4172 non
803 4116 976 4188 ignorabant,
1003 4121 1159 4192 Hesperum
1183 4126 1211 4174 et
1234 4118 1395 4175 Luciferum
1421 4137 1506 4174 unam

341 4219 400 4260 essa
417 4201 534 4258 stellam.

411 4292 436 4358 3.)
456 4288 641 4357 Schrader,
663 4289 776 4348 Studien
793 4308 819 4345 a.
838 4291 890 4346 Kr.
911 4292 977 4346 1874
995 4290 1010 4343 Ι
1028 4307 1091 4363 pag.
1106 4293 1165 4346 341.
