3310 5126
825 276 1017 336 ..2-

342 449 527 532 9‚13.14).
581 450 673 516 Quae
704 446 837 530 quidem
865 445 951 511 dieta
978 445 1024 511 sio
1053 445 1131 511 licet
1159 445 1376 530 conjungere:
1407 467 1501 530 prae-

341 556 438 643 cepti,
463 567 501 621 ut
522 555 659 641 septimo
681 576 810 639 quoque
826 553 880 618 die
897 555 1092 638 quiescatur,
1118 574 1215 618 eausa
1238 553 1370 637 quidem
1386 563 1435 618 est
1448 553 1503 618 vel

341 665 516 750 exemplar,
550 664 637 748 quod
658 665 767 743 Deus,
801 683 859 727 sex
885 662 1001 728 diebus
1028 663 1151 726 mundo
1174 661 1336 744 oonfecto,
1362 659 1501 746 septimo

340 773 476 838 feriatus
499 781 563 836 est:
587 793 646 856 per
667 771 784 836 Mosen
805 792 880 835 vero
903 771 1034 835 demum
1056 769 1266 850 factumest,
1300 781 1339 834 ut
1367 790 1405 833 ea
1427 770 1501 832 sab-

340 884 490 946 batorum
510 878 704 961 observatio,
730 901 828 964 quam
849 878 904 944 lex
919 879 1077 944 Sinaitiea
1097 878 1246 964 imperat,
1272 877 1372 943 vitam
1393 876 1501 942 homi-

341 1012 423 1054 num
444 990 676 1054 moderaretur.

428 1098 493 1162 Sed
523 1093 726 1160 instituturis
754 1093 851 1160 nobis
879 1096 920 1160 de
950 1096 1086 1160 sabbato
1115 1095 1339 1179 quaestionem
1367 1094 1432 1175 ita,
1463 1103 1503 1158 ut

342 1228 413 1271 eam
435 1226 543 1270 rerum
565 1213 730 1290 gestarum
750 1201 921 1268 historiam
943 1203 1056 1268 critica
1077 1204 1203 1268 ratione
1225 1203 1422 1287 inquirendo
1445 1223 1503 1268 ex-

338 1313 527 1399 pediamus,
566 1311 874 1396 praetermittendus
912 1321 961 1376 est
996 1311 1087 1376 loeus
1124 1311 1164 1376 de
1201 1312 1335 1376 sabbato
1371 1320 1503 1396 propter

341 1419 490 1486 ordinem
526 1419 699 1485 creationis
735 1420 852 1484 mundi
889 1419 1067 1485 constituto
1104 1429 1137 1485 et
1167 1419 1230 1484 hoe
1263 1419 1499 1503 quaerendum,

341 1530 472 1614 quando
506 1538 539 1592 et
572 1549 636 1611 qua
667 1526 794 1594 ratione
827 1529 962 1593 sabbata
995 1528 1062 1592 sint
1090 1530 1131 1592 ab
1163 1527 1355 1592 hominibus
1384 1525 1503 1612 agitari

341 1646 466 1721 coepta,
492 1645 525 1701 et
547 1635 666 1730 quibus
688 1634 889 1720 temporibus
917 1635 971 1700 vel
991 1656 1095 1700 novae
1117 1635 1290 1699 homiuum
1312 1636 1352 1699 de
1374 1634 1503 1700 sabbati

340 1755 458 1810 natura
487 1743 669 1810 sententiae
692 1742 894 1824 exstiterint,
926 1743 979 1807 vel
1007 1752 1225 1807 commutatus
1254 1741 1298 1807 sit
1324 1742 1503 1808 medusae

340 1852 424 1918 ratio
446 1852 574 1918 sabbati
596 1849 793 1918 celebrandi.

426 1963 538 2026 Partes
553 1968 663 2024 autem
678 1957 963 2024 commentationis
984 1968 1114 2024 nostroe
1137 1959 1198 2024 hae
1221 1969 1334 2024 enmt:
1359 1958 1503 2044 primum

341 2068 593 2154 explombimus‚
619 2087 701 2150 quae
724 2065 853 2134 sabbati
874 2076 950 2130 ante
965 2067 1083 2132 Mosen
1097 2066 1207 2152 aliquo
1222 2068 1319 2132 modo
1342 2067 1503 2144 observati

341 2175 481 2260 vestigia
502 2176 538 2238 in
560 2173 653 2238 libris
675 2174 775 2238 sacris
790 2174 1012 2239 Israelitarum
1034 2176 1143 2240 autin
1158 2185 1337 2240 ceterarum
1352 2175 1502 2262 gentium

341 2282 446 2346 literis
468 2281 754 2366 monumentisque
783 2292 930 2346 exstent:
964 2282 1084 2348 deinde
1111 2283 1212 2348 libros
1235 2282 1364 2348 Veteris
1386 2284 1500 2348 Testa-

341 2389 446 2454 menti
477 2390 710 2474 persorutando
743 2390 966 2474 exquiremus,
1006 2391 1229 2456 Israelitarum
1264 2389 1428 2456 sententia
1460 2391 1501 2455 de

342 2496 470 2561 sabbati
507 2507 624 2562 natura
657 2497 781 2580 otiique
813 2497 972 2562 sabbatici
1007 2499 1200 2563 auctoritate
1239 2507 1351 2564 utrum
1388 2499 1502 2564 eadem

342 2626 469 2688 semper
501 2604 599 2669 fuerit
629 2605 706 2670 inde
738 2627 758 2668 a
786 2605 888 2670 Mosis
914 2615 1035 2686 aetate,
1070 2628 1114 2670 an
1139 2605 1275 2672 diversis
1300 2605 1502 2692 temporibus

343 2713 480 2776 diversa.

1636 1809 1639 1824 1

1638 1833 1639 1850 t

1638 1933 1639 1946 r
