3276 5130
834 369 1048 429 ..74-

359 539 497 604 traditus
520 538 589 604 sive
611 539 652 604 ab
674 537 898 604 Israelitarum
919 537 1099 623 patribus¹,
1132 538 1200 602 sive
1223 560 1242 602 a
1262 537 1356 604 Mose
1377 547 1524 602 mutare-

358 657 422 728 tur,
447 645 644 731 perdifficile
658 657 708 712 est
722 645 868 732 eognitu.
907 645 1131 731 Astrologieae
1145 645 1359 711 hebdomadis
1372 655 1523 729 respectu

359 755 528 820 Hebraeos
550 756 685 819 sabbata
706 753 846 836 septimo
869 773 997 838 quoque
1020 752 1074 818 die
1095 753 1214 818 reverti
1235 752 1390 818 maluisse
1411 752 1523 818 inore-

360 861 462 926 dibile
492 871 550 943 est,
586 861 664 945 quia
693 861 784 926 illam
807 859 909 925 fuisse
938 869 996 925 aut
1025 860 1188 925 Hebraeis
1216 861 1279 944 (vel
1308 859 1524 944 Canaanaeis)

359 978 481 1050 notam,
507 980 565 1034 aut
586 969 729 1034 sabbatis
751 967 819 1032 ullo
841 967 974 1033 vinculo
1004 989 1184 1033 oonnsxam
1211 991 1280 1034 non
1308 977 1416 1054 potest
1445 989 1524 1053 pro-

359 1075 442 1140 bari.
488 1075 652 1160 Equidem
674 1075 772 1140 aliam
794 1095 925 1140 oausam
947 1096 1015 1140 non
1036 1075 1172 1161 reperio,
1205 1075 1271 1140 nisi
1294 1076 1381 1159 quod
1403 1077 1524 1141 sabba-

359 1196 431 1251 tum
459 1183 638 1269 imaginem
666 1181 886 1248 existimarint
921 1181 1040 1266 quietis
1066 1181 1131 1248 Dei
1160 1193 1236 1268 post
1269 1183 1431 1248 mundum
1465 1203 1524 1248 sex

360 1291 476 1358 diebus
499 1301 643 1357 creatum
658 1290 798 1376 septimo
812 1289 933 1354 feriati.
974 1289 1139 1356 Credibile
1155 1301 1205 1356 est
1226 1293 1326 1372 enim,
1351 1293 1522 1356 Hebraeos

360 1423 400 1466 ex
426 1398 610 1485 Babylonia
641 1419 801 1484 egressos,
836 1419 939 1482 quum
966 1398 1186 1464 hebdomades
1212 1399 1424 1484 babylonicas
1453 1419 1522 1463 ser-

359 1531 434 1574 vare
455 1506 628 1572 hominum
650 1526 806 1590 vagorum
827 1515 899 1570 tum
922 1515 954 1570 et
976 1515 1063 1570 certo
1089 1527 1199 1570 rerum
1228 1505 1377 1571 civilium
1406 1505 1519 1571 ordine

360 1615 542 1681 carentium
564 1613 673 1678 minus
695 1611 881 1690 interesset,
914 1612 1082 1678 eredentes
1111 1612 1231 1678 ideireo
1258 1611 1397 1698 septimo
1426 1612 1513 1677 diea

358 1723 468 1788 labore
491 1720 653 1786 abstinere
674 1721 724 1786 ias
754 1741 839 1802 esse,
872 1721 959 1803 quod
984 1720 1075 1785 Deus
1103 1719 1242 1805 septimo
1272 1719 1326 1784 die
1353 1722 1395 1784 ab
1424 1739 1513 1804 opere

359 1829 476 1894 mundi
499 1827 631 1895 creandi
654 1826 905 1913 oonquievisset,
938 1827 1114 1912 septimum
1138 1848 1299 1912 quemque
1321 1826 1410 1891 diem
1431 1847 1517 1890 nun·

359 1959 457 2023 quam
478 1937 552 2022 plus
575 1957 633 2001 sex
653 1934 769 2001 diebus
784 1933 986 2020 interpositis
1000 1936 1172 2000 sabbatum
1194 1933 1320 2018 fecisse,
1346 1933 1520 1999 deficiente

354 2045 424 2130 jam
453 2065 568 2128 eama,
601 2063 658 2108 our
686 2041 823 2108 initium
855 2042 978 2107 mensis
1013 2042 1112 2108 etiam
1141 2041 1354 2108 hebdomadis
1384 2041 1521 2106 initium

358 2173 427 2218 esse
450 2152 592 2217 deberet.

445 2259 542 2329 Quod
563 2258 604 2324 iis
626 2279 704 2324 sane
727 2255 922 2343 displicebit,
949 2255 1006 2349 qui
1020 2256 1197 2342 posteriore
1212 2257 1345 2322 demum
1359 2269 1518 2342 tempore,

357 2367 492 2434 fortasse
513 2377 587 2451 post
609 2365 762 2431 exsilium
776 2364 1018 2450 babylonicum,
1043 2364 1212 2430 Hebraeos
1234 2365 1384 2448 sensisse,
1409 2367 1521 2430 Deum

358 2497 415 2540 sex
438 2473 554 2539 diebus
569 2474 730 2538 mundum
746 2495 869 2539 oreasse
891 2472 1094 2558 septimoque
1110 2471 1282 2555 quievisse,
1300 2474 1516 2556 contendunt,
1623 2513 1624 2520 κ

357 2584 456 2646 verba
478 2602 575 2660 „nam
598 2602 655 2645 sex
678 2581 794 2646 diebus
816 2582 941 2646 Jehova
963 2580 1041 2645 feeit
1069 2579 1197 2645 eoelum
1225 2591 1258 2645 et
1286 2589 1405 2646 terram
1434 2587 1519 2646 ete.“

357 2689 424 2774 legi
447 2697 580 2772 quartae
605 2688 753 2774 decalogi
775 2709 846 2754 sero
868 2688 991 2754 inserta
1013 2709 1083 2754 esse
1097 2686 1171 2752 rati.
1211 2688 1263 2751 De
1278 2709 1342 2771 qua
1355 2710 1392 2754 re
1405 2700 1520 2773 postea
1623 2685 1624 2760 i

358 2795 395 2860 in
427 2794 524 2860 tertio
552 2793 652 2879 hujus
680 2793 756 2860 libri
787 2795 893 2880 eapite
921 2793 1028 2859 fusius
1059 2793 1295 2878 disputandum
1324 2795 1397 2859 erit.
1451 2796 1520 2861 Hie

357 2902 436 2968 satis
469 2912 519 2967 est
551 2902 801 2985 demonstrasse,
837 2923 906 2967 non
939 2923 1010 2967 esse
1043 2923 1188 2986 oausam,
1225 2923 1283 2966 our
1316 2902 1517 2987 dubitemus,

358 3008 524 3076 Israelitas
542 3007 612 3094 jam
626 3009 730 3075 Mosis
752 3019 858 3076 aetate
874 3031 950 3074 eum
964 3011 1170 3076 sabbatorum
1185 3009 1333 3075 ordinem
1346 3009 1515 3093 habuisse,

358 3118 414 3203 qui
438 3117 537 3204 etiam
558 3137 649 3181 nuno
670 3139 689 3180 a
710 3117 845 3183 ludaeis
869 3128 1023 3182 servatur.

428 3327 449 3390 1)
468 3323 520 3380 Vel
538 3344 554 3380 a
571 3323 748 3391 Oanaameis,
776 3323 825 3395 qui
843 3322 959 3379 fortasse
985 3331 1049 3379 anta
1066 3323 1254 3380 Abrahamum
1276 3321 1449 3378 hebdomade
1474 3321 1519 3377 usi

357 3419 421 3466 sunt
438 3429 454 3466 a
471 3410 633 3484 Babyloniis
650 3417 769 3481 accepta.
