3276 5130
772 343 1008 404 -102-

393 515 516 598 Legem
542 512 646 577 Exod.
673 517 858 592 31,13.14·
885 512 926 576 ab
956 509 1126 576 Ezechiele
1153 511 1216 592 (20,
1243 514 1279 572 12
1297 507 1379 590 sqq.)
1413 505 1467 570 in-

309 621 429 688 culcari
452 619 613 686 credimus
636 620 678 702 (v.
703 639 802 704 supra
823 640 896 703 pag.
918 619 983 700 79).
1032 619 1118 682 Sunt
1138 637 1213 681 vero
1242 614 1299 699 qui
1329 623 1469 679 conten-

309 729 405 810 dant,
435 749 503 792 non
526 727 646 792 abillo
668 725 772 810 repeti
800 725 923 810 legem,
957 725 1014 790 sed
1042 724 1114 809 lege
1141 734 1216 808 post
1242 743 1319 786 eum
1347 720 1469 806 scripta

308 835 411 920 repeti
432 856 482 917 11,
508 856 590 918 quae
611 833 769 920 propheta
799 832 1001 918 excogitant.
1056 831 1208 896 Smend
1236 829 1274 894 in
1302 850 1471 894 commen-

307 942 390 1018 tario
418 943 502 1026 (pag.
524 942 594 1024 131)
617 940 711 1006 dicit:
739 940 823 1019 „Die
852 938 1089 1024 Wortefinden
1115 937 1181 1004 siclt
1202 935 1343 1002 zimaeliclr
1364 957 1471 1019 genua

308 1071 342 1116 eo
363 1048 478 1116 wieder
498 1051 562 1116 Es.
580 1052 633 1130 31,
652 1051 706 1114 13.
752 1046 932 1131 Verqleicltt
953 1067 1028 1112 mon
1051 1045 1138 1112 boida
1157 1043 1277 1110 ›Stelleu
1306 1042 1345 1108 ab*
1368 1041 1470 1107 ilicem

310 1155 609 1240 Zuammentaaqa
641 1177 675 1220 so
697 1154 817 1220 11111111
845 1153 896 1218 de'e
917 1153 1078 1220 marat
1098 1147 1261 1218 Ezechielis
1288 1149 1472 1236 scanafel-

307 1263 413 1350 tufts
454 1264 551 1334 Quod
572 1262 655 1328 mihi
676 1283 719 1328 ne
740 1260 908 1346 probabile
930 1261 1062 1355 quidem
1084 1261 1224 1326 videtur.
1262 1259 1333 1322 Lex
1354 1260 1471 1322 sabbe·

310 1371 375 1436 tica
396 1371 500 1436 Exod.
519 1378 556 1434 31
582 1370 629 1436 ita
648 1369 770 1454 scripta
793 1379 858 1448 est,
891 1377 928 1432 ut
957 1389 1065 1450 neque
1095 1389 1170 1432 cum
1198 1365 1465 1430 antecedentibus

311 1499 419 1562 neque
442 1499 518 1544 cum
540 1476 756 1560 sequentibus
777 1485 928 1542 contexta
949 1475 1108 1556 videatur,
1142 1484 1255 1540 contra
1277 1473 1370 1558 apud
1388 1473 1462 1536 Eze-

312 1584 450 1652 chielem
472 1583 508 1648 in
530 1583 685 1649 orationis
707 1583 915 1668 propheticae
937 1593 1127 1648 contextum
1143 1591 1175 1646 et
1189 1580 1466 1646 continuationem

309 1701 439 1790 recepta
461 1701 519 1756 est.
565 1693 610 1756 At
632 1712 673 1756 ex
694 1712 733 1756 eo
747 1689 1000 1774 haudquaquam
1015 1689 1164 1769 efficitur,
1190 1687 1373 1754 Ezechielis
1388 1686 1470 1750 libro

310 1797 524 1864 recentiorem
553 1819 624 1864 esse
651 1798 760 1884 legem
788 1796 1083 1882 pentateuchioam.
1129 1798 1175 1861 At
1197 1793 1474 1862 verisimillimum

310 1915 438 1990 putant,
463 1905 666 1972 Ezechielem
689 1927 765 1970 eum
787 1905 901 1985 fuisse,
927 1904 984 1988 qui
1005 1904 1130 1989 primus
1153 1905 1326 1968 sabbatum
1340 1901 1477 1986 signum

310 2034 380 2078 esse
403 2011 566 2078 cultorum
586 2012 730 2078 Jehovae
752 2012 903 2077 voluerit.
951 2010 1076 2078 Exsilio
1105 2010 1194 2075 enim
1223 2009 1369 2074 instante
1399 2029 1478 2092 pro-

310 2119 443 2204 phetam
470 2119 688 2198 intellexisse,
728 2131 868 2203 quantae
896 2119 1000 2185 otium
1030 2117 1233 2184 sabbaticum
1260 2115 1477 2201 populosus

312 2225 449 2291 utilitati
472 2225 567 2308 foret,
591 2227 620 2292 si
642 2226 776 2312 signum
798 2237 893 2307 esset,
919 2248 982 2310 quo
997 2225 1165 2294 Israelitae
1188 2223 1316 2289 exsules
1331 2222 1478 2288 Jehosae

310 2332 424 2399 fideles
447 2355 466 2398 a
489 2333 667 2418 gentilibus
690 2333 952 2407 discernerentur
974 2343 1007 2398 et
1028 2333 1114 2397 inter
1143 2353 1176 2396 se
1203 2341 1372 2415 tamquam
1401 2328 1477 2392 vin-

310 2440 384 2506 culo
407 2441 664 2522 continerentur,
689 2463 792 2525 quum
814 2440 1019 2506 sacrificandi
1041 2427 1195 2504 facultate
1217 2437 1340 2522 templo
1366 2436 1476 2500 diruto

310 2549 441 2615 ademta
462 2548 530 2614 solo
553 2548 810 2617 circumcisionis
832 2570 895 2614 usu
922 2558 955 2612 et
981 2545 1109 2612 sabbati
1135 2545 1202 2610 otio
1229 2546 1340 2610 Deum
1371 2543 1478 2608 colere

314 2665 347 2719 et
368 2655 538 2739 religionis
560 2677 638 2720 suae
660 2656 924 2720 communionem
945 2663 1127 2720 sustentare
1149 2660 1293 2737 possent.
1332 2652 1383 2716 Ac
1398 2671 1478 2715 sane

312 2761 467 2826 credibile
491 2772 557 2843 est,
582 2761 788 2828 Ezechielem
810 2760 987 2846 cogitasse,
1012 2759 1140 2826 sabbati
1162 2758 1423 2826 celebrationem.
1437 2757 1479 2822 ad

313 2888 385 2934 eam
407 2889 476 2932 rem
497 2867 614 2934 utilem
635 2869 723 2948 fore,
757 2889 870 2932 verum
890 2890 959 2932 non
980 2855 1216 2953 licet'ponere,
1241 2865 1379 2931 minoris
1402 2887 1479 2929 eum

312 2975 440 3040 sabbati
460 2975 711 3042 celebrationem
726 2975 828 3041 fuisse
843 2975 1100 3054 aestimaturum,
1125 2973 1192 3040 nisi
1206 2973 1291 3038 illud
1305 2971 1475 3052 voluisset,

312 3083 400 3166 quod
422 3083 556 3167 quidem
578 3105 654 3148 eum
675 3083 818 3148 voluisse
839 3104 908 3147 non
928 3092 1037 3166 potest
1059 3081 1155 3146 certis
1177 3079 1380 3166 argumentis
1403 3100 1479 3165 prn-

313 3190 394 3254 bari.
441 3190 528 3255 Nam
550 3190 701 3256 Ezechiel
723 3190 781 3276 illo
803 3189 874 3255 loco
902 3191 1127 3274 (20,12)n0n
1149 3187 1244 3252 dicit:
1278 3187 1480 3266 „Observato

316 3299 499 3380 sabbatum,
524 3308 562 3362 ut
584 3295 828 3383 cognoscamini
841 3296 1001 3375 homines,
1028 3317 1108 3380 quos
1122 3294 1246 3360 Jehova
1260 3294 1477 3372 sanctificet“,

315 3405 372 3468 sed
393 3416 523 3486 1111111,
548 3405 707 3470 Jehovam
730 3404 823 3484 olim,
851 3425 953 3487 quum
974 3401 1139 3468 Israelitas
1161 3423 1203 3466 ex
1223 3403 1374 3486 Aegypto
1398 3401 1480 3465 edu-

310 3510 429 3593 xisset,
454 3513 581 3577 sabbati
603 3511 855 3577 celebrationem
876 3509 1090 3596 praecepisse,
1123 3519 1161 3572 ut
1183 3507 1254 3592 ejus
1275 3507 1325 3571 rei
1346 3507 1481 3593 signum

316 3628 465 3682 esset-
486 3617 640 3683 videlicet
660 3641 729 3683 non
751 3619 861 3684 futuro
884 3619 1017 3683 demum
1039 3627 1183 3699 tempore
1205 3614 1417 3700 dispersionis
1448 3626 1481 3678 et

317 3723 435 3806 exsilii,
461 3724 490 3789 si
513 3746 551 3788 ea
573 3707 775 3790 acciderent:
801 3725 889 3810 quod
903 3733 949 3789 'eo
971 3722 1082 3787 minus
1096 3721 1300 3786 Ezechielem
1320 3721 1481 3807 cogitasse

321 3831 478 3898 credibile
501 3841 560 3910 est,
587 3853 689 3916 quum
710 3831 781 3916 ipse
796 3823 950 3898 exsilium
963 3851 1103 3915 poenam
1117 3850 1186 3894 erse
1208 3829 1296 3893 dicat
1317 3829 1481 3914 imprimis

319 3941 529 4006 sabbatorum
550 3937 788 4023 neglectorum.
834 3939 949 4022 Itaque
971 3936 1000 4001 si
1028 3937 1112 4000 illud
1140 3935 1296 4020 cogitavit
1320 3935 1484 4020 propheta

319 4048 360 4112 de
396 4046 558 4126 utilitate,
602 4065 700 4130 quam
736 4045 864 4108 sabbati
905 4043 1078 4108 celebratio
1118 4042 1275 4108 Israelitis
1310 4041 1483 4106 exsulibus

318 4153 455 4236 afferret,
484 4164 595 4218 tamen
617 4151 771 4218 hocloco
793 4173 861 4215 non
883 4161 933 4214 est
954 4149 1131 4234 professus.
1178 4149 1213 4214 Si
1242 4148 1378 4232 quidem
1400 4148 1484 4212 alibi

322 4260 370 4325 sic
391 4262 491 4325 verba
512 4260 658 4326 fecisset:
686 4260 840 4338 „Servate
861 4258 1043 4338 sabbatum,
1069 4245 1162 4339 quod.
1176 4241 1308 4340 siguum
1331 4265 1381 4319 est
1395 4255 1485 4320 inter
