3276 5130
572 1215 727 1298 caput
752 1213 839 1283 111.

206 1485 335 1562 Restat,
355 1493 394 1546 nt
408 1481 656 1567 investigemus,
683 1503 780 1565 quarn
795 1503 928 1548 causam
944 1503 1014 1547 esse
1026 1482 1155 1548 otiandi
1169 1485 1286 1549 sabba-

124 1591 166 1654 tis
187 1602 245 1654 aut
267 1611 395 1675 semper
417 1600 475 1653 aut
497 1589 595 1654 certis
609 1589 809 1673 temporibus
825 1589 992 1654 Israelitae
1012 1589 1282 1656 existimaverint.

208 1701 258 1762 Ac
278 1697 424 1782 primum
450 1697 547 1762 facile
574 1697 817 1782 cognoscimus,
850 1697 956 1762 otium
985 1698 1189 1763 sabbaticum
1218 1721 1286 1764 non

128 1805 191 1868 elia
218 1825 308 1869 sacra
335 1807 472 1870 sabbato
501 1803 652 1870 facienda
681 1803 791 1888 sequi,
824 1805 883 1869 sed
910 1816 1011 1890 caput
1038 1827 1107 1870 esse
1135 1806 1286 1870 habitum

129 1914 252 1976 sabbati
273 1911 472 1978 celebrandi.
513 1911 577 1976 oni
590 1911 648 1977 rei
668 1912 769 1976 fidem
791 1912 871 1977 facit
891 1912 1000 1997 ipsum
1022 1933 1144 1976 nomen
1159 1906 1233 2002 ²²3²}
1253 1925 1287 1977 et

133 2019 256 2083 sabbati
267 2019 458 2105 babylonici
480 2019 629 2084 collatio:
655 2021 810 2104 probatur
831 2039 881 2099 eo,
907 2020 995 2102 quod
1008 2039 1077 2083 non
1091 2020 1188 2084 modo
1202 2019 1286 2104 legi-

134 2128 196 2190 bus
210 2139 242 2192 et
250 2127 479 2213 prophetarum
495 2126 696 2192 orationibus
708 2127 843 2190 sabbato
855 2125 951 2190 otiari
965 2127 1078 2191 crebro
1092 2127 1282 2211 imperatum,

138 2254 236 2314 quum
257 2235 295 2298 de
316 2234 481 2300 sacrificiis
503 2236 638 2298 sabbato
660 2233 835 2298 offerendis
857 2235 928 2319 ipse
949 2233 1005 2298 PC
1030 2233 1132 2298 semel
1156 2245 1286 2300 tantum

141 2340 332 2406 mentionem
351 2341 460 2423 facist,
485 2341 543 2405 sed
566 2341 681 2406 ceteris
702 2341 802 2406 sacris
823 2341 984 2406 universis
1011 2341 1116 2406 otium
1142 2343 1288 2408 sabbati-

139 2467 210 2510 cum
230 2447 443 2533 anteponitur.
495 2449 571 2513 Hoc
592 2469 634 2512 ex
655 2470 694 2512 ea
713 2469 748 2513 re
768 2448 837 2513 sola
856 2447 935 2513 satis
956 2449 1171 2534 cogrroecitur,
1199 2451 1294 2534 quod-2

139 2555 300 2642 decalogus
320 2555 406 2620 nihil
426 2555 536 2636 aliud,
569 2555 657 2638 quod
685 2555 727 2619 ad
754 2577 844 2620 sacra
870 2556 1053 2641 pertineat,
1084 2556 1152 2622 nisi
1180 2557 1286 2622 otium

137 2664 327 2730 sabbaticum
341 2662 546 2749 praescribit.
586 2663 748 2727 Probatur
768 2685 844 2729 vero
859 2664 959 2730 etiam
972 2664 1026 2729 his
1040 2667 1149 2730 rebus.
1188 2665 1287 2730 Nun-

133 2789 223 2851 quam
242 2772 400 2857 propheta
421 2769 513 2852 dicit,
538 2772 611 2835 Deo
634 2770 815 2856 displicere,
849 2773 937 2856 quod
964 2774 1100 2837 sabbato
1127 2771 1284 2854 otientur,

129 2899 224 2960 quum
258 2877 494 2944 sacrificiorum
531 2877 697 2965 apopulo
731 2879 881 2965 improbo
916 2879 1100 2946 oblatorum
1128 2881 1287 2946 Jehovam

127 2983 232 3071 pigere
255 2987 386 3072 saepius
407 2985 591 3050 audiamus.
637 2986 742 3071 Cujus
762 2988 811 3053 rei
834 2997 921 3052 certe
943 3009 1012 3052 non
1034 3009 1073 3053 ea
1099 2998 1149 3052 est
1177 3009 1285 3067 causa,

126 3094 209 3174 quod
229 3093 376 3179 improbi
398 3093 502 3159 otium
524 3093 727 3159 sabbatioum
750 3115 878 3179 semper
905 3094 1177 3179 contempserint,
1210 3113 1287 3156 narn

122 3200 235 3264 Amori
272 3200 357 3265 illud
394 3202 503 3280 docet,
545 3200 648 3285 ipsius
684 3211 790 3265 aetate
825 3201 945 3285 impios
982 3222 1111 3284 quoque
1144 3199 1287 3264 sabbatis

123 3305 256 3372 feriatos
278 3329 360 3374 esse.
415 3308 658 3390 concedamus,
691 3318 785 3392 posse
810 3308 947 3373 fortuito
975 3307 1100 3372 facturn
1129 3327 1215 3387 esse,
1249 3317 1288 3372 ut

120 3416 300 3500 prophetae
319 3416 444 3500 priores
466 3416 571 3481 otium
598 3414 803 3480 sabbaticum
824 3417 930 3480 rarius
952 3417 992 3480 ab
1018 3414 1098 3500 ipsis
1126 3435 1289 3479 memora-

120 3533 190 3586 tum
229 3545 402 3606 nunquam
437 3521 551 3587 dicant
576 3524 649 3587 Deo
685 3543 754 3587 non
792 3522 938 3607 placere:
979 3522 1037 3586 sed
1070 3521 1214 3586 deremia
1252 3533 1294 3587 et·

121 3629 276 3696 Ezechiel
297 3630 333 3694 id
354 3651 422 3696 non
444 3631 542 3695 modo
562 3651 631 3695 non
653 3629 857 3715 vituperant,
882 3629 940 3695 sed
961 3630 1129 3714 posmlant
1150 3641 1289 3696 conten·

123 3738 253 3818 dentes,
274 3736 344 3822 jam
366 3737 515 3822 patribus
536 3739 704 3818 Jehovam,
739 3748 778 3802 ut
799 3737 943 3802 sabbatis
971 3738 1192 3821 quiescerent,
1224 3738 1289 3804 im-

120 3865 263 3928 perasse.
321 3845 464 3912 Sabbata
483 3840 647 3924 ,laborum
680 3845 922 3911 intermissione
956 3845 1113 3910 celebrari
1145 3845 1289 3910 Jeremia

117 3951 232 4034 jubet,
257 3952 286 4016 si
307 3951 486 4018 laborando
508 3953 682 4033 violentur,
707 3954 818 4017 Deum
840 3953 882 4017 ad
904 3953 986 4018 iram
1008 3973 1196 4018 exarsurum
1219 3957 1297 4016 esse

121 4059 267 4124 nuntiat.
324 4059 445 4125 Contra
473 4061 669 4144 sacrificare,
705 4060 833 4142 suffire,
865 4061 1016 4147 jejunare
1045 4059 1175 4126 minimi
1208 4058 1289 4124 iacit

128 4167 170 4250 (6,
190 4173 243 4232 20.
272 4174 323 4249 14,
345 4167 408 4252 12).
457 4163 572 4251 Itaque
594 4190 663 4234 non
684 4167 762 4254 licet
783 4190 920 4250 sumere,
946 4180 985 4254 ut
1006 4157 1195 4253 diligentior
1217 4176 1289 4230 tum

122 4274 159 4337 in
181 4275 327 4338 sabbatis
342 4273 480 4359 agendis
495 4275 676 4340 observatio
690 4275 919 4359 postularetur,
942 4297 1014 4340 eam
1028 4273 1129 4338 fuisse
1143 4295 1286 4354 causam,
