3276 5130
832 357 1046 420 ..62-

357 541 468 610 tatem,
494 530 562 594 sive
584 529 648 592 alia
671 530 711 592 de
734 551 829 592 causa
852 527 999 592 ordinem
1022 525 1148 589 dierum
1172 521 1238 586 otio
1262 515 1514 602 distinguendo-

344 645 431 702 ‘rum
465 637 600 722 paulum
636 646 789 700 mutasse.
844 635 908 699 Cui
944 653 1160 718 opponemus,
1201 625 1393 693 incredibile
1431 643 1514 702 esse,

359 745 557 830 Babylonios
585 765 643 828 pro
671 743 776 829 primo
810 741 931 807 mensis
962 741 1016 806 die
1048 739 1114 804 otio
1149 735 1278 800 addicto
1307 732 1518 799 substituisse

359 850 679 932 duodetricesimum,
704 851 770 915 nisi
792 873 900 932 causa,
926 871 1023 933 quam
1039 844 1263 932 gravissimam
1279 841 1518 918 existimarent,

359 959 441 1023 moti
463 959 551 1023 diem
575 959 634 1023 otii
657 969 829 1043 septenum
851 956 978 1022 dierum
1000 978 1067 1022 non
1088 952 1231 1038 primum
1245 950 1303 1014 sed
1316 961 1521 1034 postremum

362 1089 431 1131 esse
447 1066 608 1152 optimum
623 1089 661 1150 ac
671 1066 891 1152 justissimum
904 1063 1134 1149 judicaverint.
1175 1063 1314 1127 Causam
1336 1080 1411 1124 vero
1426 1056 1521 1120 illam

361 1183 494 1258 apparet
515 1195 584 1237 non
611 1175 755 1260 potuisse
778 1197 797 1238 a
819 1173 947 1238 dierum
973 1172 1088 1236 Lunae
1118 1172 1275 1236 festorum
1303 1177 1421 1232 natura
1449 1186 1521 1227 non

359 1281 500 1346 alienam
526 1303 612 1347 esse:
640 1304 741 1366 eaque
763 1280 898 1344 inventa
915 1279 985 1364 jam
1007 1290 1092 1344 certe
1114 1277 1232 1342 inutile
1248 1285 1334 1340 esset
1348 1275 1390 1338 ad
1404 1273 1522 1336 Lunae

360 1388 486 1453 cultum
508 1400 675 1475 tamquam
696 1387 896 1475 principium
918 1388 1124 1451 sabbatorum
1146 1406 1321 1450 recurrere.

447 1505 612 1570 Numeri
634 1502 866 1591 septenarii
888 1502 1117 1567 sanctitate
1140 1501 1209 1566 sola
1229 1501 1353 1565 factum
1376 1519 1458 1578 esse,
1483 1504 1521 1558 ut

361 1611 412 1674 illi
434 1611 504 1676 dies
526 1613 593 1676 otio
616 1613 906 1698 distinguerentur,
932 1632 1029 1674 nemo
1050 1609 1190 1694 putabit.
1235 1607 1308 1672 Etsi
1330 1606 1420 1670 enim
1443 1605 1517 1666 sub-

360 1717 464 1783 tiliter
485 1719 679 1804 indagantes
702 1721 738 1783 in
765 1742 802 1785 eo
824 1739 960 1784 numero
988 1717 1129 1782 rationes
1157 1735 1329 1801 possumus
1355 1712 1511 1793 invenire,

359 1848 441 1910 quae
464 1827 554 1910 quasi
577 1828 619 1891 ad
647 1827 707 1893 otii
736 1849 795 1892 seu
824 1825 944 1910 quietis
974 1824 1142 1890 notionem
1169 1824 1342 1888 rideantur
1369 1822 1515 1899 tendere,

359 1943 470 1997 tamen
491 1933 612 1998 talibus
635 1933 888 2018 cogitationibus
910 1933 1068 1997 adductos
1089 1931 1239 1996 homines
1261 1930 1330 1994 dies
1345 1929 1521 1994 sollemnes
1622 1943 1623 1972 t

361 2040 542 2106 instituisse
564 2063 632 2106 non
654 2039 810 2106 credibile
833 2052 891 2106 est.
938 2041 1054 2123 Neque
1079 2060 1155 2104 vero
1184 2059 1363 2122 negamus,
1394 2033 1523 2119 aliquid

361 2149 489 2214 numeri
503 2149 710 2214 sanctitatem
724 2147 761 2212 in
774 2151 982 2214 sabbatorum
998 2146 1112 2212 ordine
1127 2145 1356 2211 constituendo
1366 2142 1524 2207 habuisse
1622 2171 1623 2202 fi

361 2257 530 2320 momenti.

448 2373 532 2436 Sunt
553 2373 680 2455 adhuc,
712 2372 769 2456 qui
796 2382 929 2456 putent,
963 2371 1032 2435 dies
1057 2369 1215 2458 galgol.
1248 2390 1317 2434 esse
1347 2367 1419 2431 dies
1451 2367 1526 2430 Sa-

362 2481 515 2544 turni1.
555 2482 648 2548 Quae
671 2479 781 2563 opinio
802 2479 921 2542 nititur
942 2479 978 2541 in
999 2478 1071 2562 ipso
1089 2477 1223 2542 nomine
1241 2475 1414 2559 galgol,
1435 2474 1527 2557 quod
1622 2487 1623 2548 l

364 2588 472 2665 „diem
509 2592 636 2650 atrum“
671 2585 854 2669 significare
890 2585 939 2649 vir
970 2585 1176 2650 doctissimus
1205 2585 1329 2668 Sayce²
1358 2580 1524 2646 defendit.
1622 2583 1623 2628 t

363 2693 428 2756 Sed
461 2692 546 2756 hano
579 2691 650 2775 ejus
682 2692 879 2756 sententiam
907 2692 976 2776 jam
1008 2714 1105 2776 supra
1139 2691 1223 2775 (pag.
1243 2697 1292 2773 57]
1327 2689 1525 2752 refellimus.
1622 2715 1623 2740 ι

362 2800 458 2862 Adde
481 2799 567 2882 quod
589 2797 725 2862 minime
746 2799 914 2883 probabile
936 2810 993 2877 est,
1019 2800 1105 2862 hanc
1119 2797 1374 2882 Babyloniorum
1397 2797 1529 2860 hebdo-

362 2907 491 2969 madem
523 2916 580 2969 aut
606 2903 767 2989 principio
796 2905 898 2970 fuisse
924 2906 1149 2990 astrologicam
1178 2915 1236 2969 aut
1262 2904 1389 2968 ratione
1420 2914 1531 2966 astro-

361 3013 467 3097 logica
500 3035 540 3076 ex
572 3012 680 3076 lunari
709 3033 778 3076 esse
807 3022 926 3092 ortam,
963 3012 1038 3095 quia
1067 3013 1280 3076 hebdomadis
1309 3009 1529 3093 astrologicae

361 3121 440 3185 ordo
463 3123 503 3184 ab
526 3121 641 3185 ordine
669 3119 832 3184 mensium
853 3119 1019 3183 lunarium
1041 3119 1208 3198 abhorret,
1233 3141 1308 3184 cum
1331 3139 1396 3202 quo
1419 3119 1530 3200 baby-

360 3229 542 3293 lonicarum
564 3228 806 3295 hebdomadum
828 3228 906 3291 ordo
928 3227 1110 3292 necessario
1132 3227 1327 3311 conjunctus
1349 3235 1412 3288 est.

447 3348 520 3410 Jam
542 3367 687 3431 propono
709 3367 828 3408 novam
850 3345 1063 3426 sententiam,
1092 3366 1159 3407 non
1181 3355 1349 3425 tamquam
1372 3342 1530 3426 explora-

361 3464 428 3515 tam
452 3475 523 3516 eam
545 3454 689 3536 quidem,
715 3462 856 3516 atcerte
878 3453 1026 3535 dignam,
1052 3472 1133 3534 quae
1157 3451 1333 3534 diligenter
1355 3451 1531 3540 examine-
1622 3483 1623 3542 ,

363 3571 428 3623 tur.
475 3561 684 3624 Numerus
714 3559 910 3623 senarius
939 3558 975 3620 in
997 3557 1252 3641 Babyloniorum
1282 3559 1380 3620 rebus
1411 3561 1529 3621 crebro

362 3667 518 3730 occurrit:
546 3678 683 3730 estnon
705 3668 802 3730 modo
825 3667 879 3730 dei
900 3668 1030 3729 Rctmdn
1051 3685 1208 3728 numerus
1234 3687 1271 3728 ac
1294 3665 1435 3728 deorum
1459 3686 1531 3727 ma·
1622 3661 1623 3670 ’

357 3774 467 3858 jorum
489 3795 663 3836 numerum
687 3775 769 3856 (306)
798 3774 845 3837 sic
867 3773 1000 3852 dividit,
1032 3781 1069 3834 ut
1097 3771 1182 3842 nihil
1203 3771 1423 3853 relinquatur,
1458 3772 1526 3849 sed,

361 3882 396 3944 id
419 3883 506 3965 quod
528 3880 659 3966 gravius
682 3890 739 3956 est,
766 3880 802 3942 in
823 3900 1050 3942 mensurarum
1071 3878 1317 3961 ponderumque
1339 3878 1530 3942 rationibus

360 3989 534 4072 aliquoties
557 3998 590 4051 et
612 3988 681 4071 ipse
703 3987 790 4050 inest
812 3997 845 4049 et
867 4006 1023 4048 numerus
1045 3985 1289 4068 sexagenarius:
1320 3986 1332 4047 l
1360 4007 1472 4049 sossos
1488 4014 1529 4039 =
1622 3989 1623 4010 ³

433 4224 453 4286 1)
474 4219 515 4274 cf.
535 4220 734 4274 Robertson
753 4215 878 4281 Smith,
899 4217 942 4270 tlte
954 4217 1084 4286 propbeta
1101 4217 1135 4285 of
1149 4216 1237 4268 Ιεναιὶ
1256 4216 1352 4284 (1882),
1374 4233 1403 4286 p.
1419 4218 1473 4268 384
1487 4231 1528 4283 sq.

430 4310 454 4374 2)
476 4308 597 4362 Recorda
614 4308 650 4376 of
663 4305 705 4358 tta
722 4305 799 4367 Post,
821 4301 875 4354 VH
894 4317 956 4370 pag.
976 4305 1031 4355 157.
