3310 5126
803 277 1018 340 ..18-

336 469 409 512 meo
428 446 555 532 judicio
583 445 640 510 vix
668 455 776 530 potest
805 443 991 530 excogitari.
1037 445 1073 509 Si
1102 442 1175 528 quis
1204 444 1334 507 Lunam
1364 451 1396 508 et
1424 442 1494 527 ejus

332 554 420 618 diem
440 555 585 639 primum
606 553 716 618 locum
737 561 848 617 tenere
870 551 975 634 malit,
1001 551 1088 616 diem
1117 551 1154 616 in
1184 550 1355 636 sexaginta
1384 561 1492 634 partes

331 661 485 743 dividas,
504 684 567 747 quo
582 660 669 726 sacto
684 660 791 746 prima
804 660 944 746 proximi
959 659 1025 724 diei
1040 681 1113 745 pars
1134 670 1248 744 quarto
1271 668 1347 744 post
1361 659 1492 723 Lunam

330 770 491 856 planetae,
517 770 553 836 h.
571 792 600 834 e.
626 769 736 852 Marti,
762 769 920 854 obtinget.

416 880 482 944 Dio
505 879 594 961 dicit,
620 879 716 942 illum
730 878 936 964 planetarum
955 877 1104 942 ordinem
1120 876 1155 964 *ρ
1175 875 1213 964 fil.
1230 877 1271 961 (3γ
1286 876 1329 962 Θ
1350 873 1380 960 Ω
1405 875 1432 960 ξ
1456 873 1487 960 (

332 990 372 1051 ab
394 987 566 1073 Aegyptiis
590 1009 659 1052 esse
681 986 915 1068 constitutum,
947 987 1005 1050 sed
1033 1007 1135 1070 quum
1163 984 1251 1050 isin
1272 985 1494 1049 monumentis

271 1143 276 1160 .
332 1095 509 1180 aegyptiis,
542 1105 703 1180 quantum
725 1116 786 1180 ego
808 1094 892 1177 scio,
924 1115 1086 1178 nusquam
1108 1092 1327 1176 inveniatur2,
1352 1092 1495 1158 Dionem

331 1224 399 1266 non
428 1215 552 1268 veteres
582 1204 772 1289 Aegyption,
806 1203 864 1267 sed
889 1202 1066 1287 astrologos
1095 1222 1227 1288 graecos
1253 1199 1495 1265 Alexandrinos

332 1309 440 1375 dicere
463 1311 621 1397 suspicor.
667 1311 899 1376 Hebdomades
922 1309 1038 1374 saltem
1059 1308 1214 1395 Aegyptii
1243 1318 1330 1373 certe
1351 1329 1420 1372 non
1441 1307 1495 1372 in-

332 1418 520 1500 stituerunt,
547 1420 635 1503 quod
656 1419 721 1485 Dio
744 1419 830 1500 vult,
862 1439 940 1482 nam
962 1420 1003 1483 ab
1025 1417 1066 1482 iis
1087 1417 1236 1502 planetas
1258 1416 1375 1481 diebus
1400 1437 1495 1501 prae-

331 1526 433 1592 fectos
456 1549 526 1592 esse
548 1527 770 1591 monumentis
792 1527 985 1610 neutiquam
1006 1527 1172 1611 probatur,
1207 1536 1240 1590 et
1263 1523 1323 1588 ubi
1343 1523 1494 1609 planetae

332 1633 368 1697 in
391 1633 439 1699 eis
461 1645 644 1716 occurrunt,
670 1626 815 1718 quinquie
837 1645 968 1700 tantum
988 1655 1126 1699 numero
1149 1643 1244 1717 sunt,
1271 1631 1339 1698 sole
1361 1641 1394 1696 et
1414 1631 1495 1694 luna

332 1741 471 1824 omissis,
497 1743 623 1827 quade
645 1765 750 1822 causa,
777 1765 879 1826 quum
893 1741 1048 1828 Aegyptii
1077 1742 1242 1826 (utsupra
1264 1739 1344 1823 dixi)
1364 1739 1496 1804 decadi-

331 1850 405 1930 bus,
430 1872 498 1914 non
519 1850 779 1915 hebdomadibus
802 1850 929 1915 dierum
951 1851 1004 1915 usi
1027 1850 1105 1931 sint,
1131 1849 1240 1934 aptius
1256 1849 1330 1933 quis
1345 1846 1495 1912 arbitrari

331 1956 444 2041 possit,
470 1979 524 2022 eos
547 1956 642 2022 binos
665 1956 795 2022 decadis
818 1957 888 2023 dies
910 1957 1050 2042 singulis
1071 1956 1213 2042 planetis
1235 1955 1434 2022 attribuisse.

418 2065 519 2130 Illum
550 2066 757 2150 planetarum
790 2065 938 2130 ordinem
971 2087 1069 2150 snpra
1098 2064 1167 2128 dixi
1192 2063 1262 2147 jam
1279 2063 1495 2149 Pythagorae

331 2171 451 2237 fuisse:
484 2184 558 2258 post
586 2195 661 2238 eum
690 2171 864 2238 alii'aliter
888 2173 1037 2259 planetas
1066 2172 1231 2238 ordinatos
1259 2173 1491 2257 putaverunt³‚

332 2291 365 2345 et
400 2303 459 2366 per
494 2281 672 2367 astrologos
716 2281 956 2348 Alexandrinos
1000 2283 1133 2347 demum
1176 2280 1300 2345 factum
1344 2288 1408 2360 est,
1456 2287 1495 2342 ut

331 2388 387 2452 ille
419 2390 497 2454 ordo
531 2389 668 2454 Graecis
701 2390 853 2454 omnibus
887 2400 921 2455 et
952 2389 1110 2455 Romanis
1143 2398 1316 2454 constaret.
1378 2389 1494 2472 Itaque

331 2496 466 2560 nomina
496 2496 622 2562 dierum
652 2499 841 2562 etiamnunc
868 2497 990 2563 usitata
1015 2497 1152 2563 nonita
1180 2497 1285 2561 multo
1314 2504 1391 2559 ante
1415 2494 1492 2559 Chr.

331 2613 399 2668 nat.
425 2613 482 2668 aut
503 2604 638 2669 inventa
659 2615 718 2670 aut
739 2627 780 2668 ex
801 2605 902 2670 altero
922 2606 1117 2690 astrologiae
1138 2605 1319 2688 domicilio,
1353 2607 1496 2692 Babylo-

331 2710 422 2774 niam
444 2711 535 2793 dico,
567 2712 604 2776 in
625 2713 800 2798 imperium
822 2715 1008 2776 Romanurn
1030 2712 1186 2778 translata
1214 2735 1286 2778 esse
1311 2713 1395 2778 mihi
1420 2735 1495 2798 per-

333 2839 466 2882 suasum
489 2829 549 2884 est.
595 2822 647 2885 De
668 2821 765 2886 rebus
787 2830 898 2885 autem
920 2819 1112 2905 Babyloniis
1134 2831 1246 2906 postea
1268 2843 1412 2906 agemus.

325 2913 329 2922 ¹
417 2926 512 2992 Illius
533 2926 747 2993 hebdomadis
776 2949 819 2993 ex
844 2928 1019 3014 astrologia
1046 2938 1181 3008 sumtae,
1208 2928 1388 3013 primorum
1412 2928 1495 2993 Cae-

332 3055 440 3112 sarum
469 3045 614 3120 tempore
643 3046 759 3117 notae,
791 3035 948 3102 memoria
976 3035 1113 3101 saeculis
1146 3036 1379 3121 posterioribus
1409 3046 1495 3100 certe

332 3141 494 3206 exstincta
517 3153 611 3224 esset,
636 3140 703 3206 nisi
725 3163 774 3223 eo,
800 3144 888 3226 quod
910 3143 980 3208 dies
1004 3143 1088 3209 Solis
1111 3143 1342 3210 aChristianis
1363 3154 1495 3228 propter

331 3250 589 3315 recordationem
623 3249 871 3315 resurrectionis
901 3250 1026 3316 Christi
1054 3250 1279 3316 celebrabatur
1287 3253 1308 3332 ⁴,
1343 3250 1495 3314 effectum

333 3367 429 3440 esset,
453 3369 492 3423 ut
513 3359 602 3443 apud
622 3358 760 3444 populos
783 3360 825 3423 ad
841 3359 965 3424 Christi
985 3359 1086 3423 fidem
1100 3380 1271 3424 conversos
1285 3379 1398 3423 omnes
1412 3357 1495 3422 heb-

333 3465 481 3530 domadis
502 3487 581 3530 usus
602 3467 755 3550 publicus
776 3468 879 3532 fieret.
920 3465 1101 3532 Christiani
1122 3466 1279 3531 nimirum
1302 3487 1371 3530 non
1390 3475 1495 3530 astro-

405 3646 427 3710 1)
449 3643 531 3703 Quod
560 3663 764 3716 nonnumquam
792 3645 825 3700 fit
844 3646 918 3718 apud
939 3645 1034 3703 astrol.
1058 3647 1188 3713 Graecos,
1216 3647 1368 3720 Aegyptios
1392 3648 1491 3718 (Leps,

337 3727 435 3783 Chaon.
448 3729 494 3782 der
505 3734 581 3804 Aeg,
600 3733 668 3798 128),
689 3731 866 3805 Babylonios,
880 3732 967 3786 Indos
980 3733 1104 3800 (Lassen,
1120 3734 1183 3788 Ind.
1195 3733 1379 3800 Alteram,
1393 3734 1491 3798 1985).

401 3817 425 3880 2)
446 3814 487 3868 Cf.
504 3816 669 3887 Lepsios,
688 3815 708 3874 l.
727 3818 747 3874 l.
767 3835 795 3890 p.
806 3821 840 3872 90
853 3835 913 3889 sqq.

401 3903 427 3967 3)
446 3899 535 3968 Plato,
550 3901 621 3955 Tim.
640 3920 666 3973 p.
680 3905 780 3974 318sq.
797 3904 848 3970 (ed.
863 3904 948 3975 Rip).
974 3904 1120 3976 Epinomis
1137 3923 1165 3976 p.
1180 3907 1230 3959 264
1242 3923 1300 3976 sq.:
1327 3911 1399 3970 a&
1420 3911 1441 3968 Ω
1467 3912 1486 3968 t!

337 3988 362 4052 ὁ
382 3993 409 4053 a,
429 3993 466 4050 b,
486 3986 532 4043 vel
542 3987 691 4044 Plutarcho
710 3996 820 4045 auctore
840 3989 881 4057 (de
892 3989 962 4062 plac.
977 3990 1077 4062 philos.
1093 3992 1123 4046 ΙΙ
1137 3995 1191 4058 15);
1217 3997 1289 4057 «Θ
1311 3998 1330 4054 ὅ
1355 3997 1376 4054 Ω
1399 3993 1490 4058 (ieta.

332 4072 401 4140 Cic,
422 4073 470 4143 qui
488 4073 517 4128 in
535 4091 621 4129 somn.
640 4074 713 4147 Scip.
728 4078 745 4127 4
762 4074 935 4148 Pythagorae
953 4077 1103 4145 consentit,
1123 4077 1178 4131 olio
1197 4077 1257 4131 loco
1279 4077 1321 4141 (de
1339 4085 1396 4132 nat.
1417 4077 1490 4132 deor.

331 4158 402 4226 114)
421 4159 522 4222 sicit)
548 4167 567 4222 a
592 4162 722 4228 62⁴9.

400 4249 424 4312 4)
446 4244 488 4300 Of.
505 4246 577 4301 Just.
596 4247 681 4302 Mart.
700 4247 752 4303 l.l.
831 4298 834 4303 .
