3276 5130
816 291 1031 356 „gq-

341 463 429 548 quod
451 459 601 525 homines
622 457 670 544 pii
692 459 796 545 magis
817 458 987 546 magisque
1002 461 1066 526 sibi
1079 455 1310 546 persuaserint,
1335 459 1514 546 religionis

341 580 439 656 caput
461 589 531 633 esse
560 567 670 632 omnia
700 588 790 632 sacra
819 567 881 632 rite
908 579 1103 654 perpetrare.
1158 568 1333 634 Enimvero
1362 569 1513 633 Jeremia

339 699 408 742 non
429 676 540 740 minus
563 674 704 760 graviter
725 696 763 740 ac
785 696 897 740 severe
918 697 1017 758 quam
1038 675 1217 761 prophetae
1238 675 1363 760 priores
1378 688 1510 758 monet,

340 795 379 849 ut
399 782 563 868 probitate
585 793 618 846 et
638 781 761 867 pietate
783 784 875 848 Deus
897 782 1032 864 colatur,
1060 805 1142 866 quae
1170 782 1214 848 sit
1235 805 1311 848 vera
1332 783 1452 869 religio
1478 794 1513 848 et

342 890 458 956 melior
474 911 572 973 quam
586 887 787 954 immolando
803 902 836 955 et
846 889 1028 974 jejunando
1038 891 1148 956 Deum
1163 891 1270 978 specie
1284 890 1512 975 potiusquam

340 999 436 1064 corde
451 996 599 1062 venerari
620 997 659 1080 (4,
679 1004 770 1060 1—4.
798 1005 826 1077 7,
844 1005 982 1062 20-23,
1002 1005 1030 1078 9,
1048 1005 1101 1062 23.
1120 1005 1171 1079 22,
1189 999 1298 1082 3-4).
1335 998 1506 1081 Sequitur,

338 1104 466 1172 sabbati
489 1104 634 1188 quietem
656 1113 689 1168 et
710 1103 809 1170 aliam
832 1114 864 1170 et
885 1104 990 1170 multo
1005 1104 1174 1170 meliorem
1189 1127 1258 1170 rem
1272 1104 1420 1170 habitam
1435 1127 1509 1170 esse

341 1235 438 1296 quam
461 1211 629 1276 sacrificia.
669 1211 778 1294 Atque
802 1233 903 1295 quum
925 1212 1026 1277 ceteri
1049 1235 1177 1296 quoque
1192 1213 1380 1298 prophetae,
1400 1234 1529 1298 quan-x

339 1319 461 1385 tumvis
473 1330 580 1384 cetera
594 1340 684 1383 sacra
699 1319 864 1404 despicere
879 1320 1064 1400 videantur,
1080 1321 1206 1385 sabbati
1221 1321 1327 1386 otium
1340 1341 1506 1402 nusquam

336 1427 525 1512 vituperent
546 1436 603 1492 aut
625 1431 868 1510 contemnant
894 1425 1072 1492 verisimile
1093 1426 1177 1492 mihi
1198 1427 1341 1508 videtur,
1368 1437 1402 1492 et
1417 1427 1501 1512 ipsos

337 1534 442 1600 multo
463 1533 568 1619 pluris
589 1532 716 1598 fecisse.

423 1639 576 1707 Ezechiel
598 1652 684 1706 certe
706 1663 781 1706 cum
795 1640 938 1706 Jeremia
960 1640 1123 1706 consentit
1144 1641 1181 1706 in
1202 1642 1406 1707 aestimando
1425 1643 1494 1705 sab-

337 1748 409 1814 bati
430 1749 508 1816 otio.
549 1749 757 1832 Quamquam
780 1746 938 1814 sacrificia
960 1747 1082 1832 majore
1104 1748 1140 1812 in
1162 1749 1268 1834 pretio
1282 1748 1384 1814 habet
1407 1770 1498 1831 quam

336 1857 460 1943 priores
481 1856 670 1943 prophetae,
696 1865 807 1920 tamen
830 1877 879 1937 eo,
905 1855 993 1938 quod
1016 1857 1151 1920 sabbata
1177 1855 1305 1941 (labore)
1333 1856 1503 1940 profanata

337 1987 406 2029 non
428 1964 529 2030 semel
550 1973 680 2038 tantum
702 1984 834 2028 causam
854 1962 950 2048 ponit
966 1962 1033 2028 irae
1047 1962 1124 2044 Dei,
1148 1983 1288 2048 regnum
1302 1964 1504 2028 Judaeorum

338 2072 488 2153 deleturi,
513 2071 689 2156 significat,
713 2070 840 2134 nullam
853 2069 952 2134 aliam
975 2069 1169 2156 religionem
1191 2069 1353 2155 dignitate
1375 2070 1505 2136 sabbati

338 2179 444 2244 otium
466 2200 616 2262 aequare.

422 2286 531 2352 Etiam
553 2286 590 2350 in
605 2284 768 2371 capitibus
782 2284 1004 2350 XL—LXVI
1019 2283 1096 2348 libri
1109 2285 1130 2348 J
1132 2283 1237 2368 esajae
1253 2283 1382 2350 sabbati
1396 2283 1504 2349 otium

335 2413 533 2479 magnopere
555 2393 802 2460 commendatur
829 2394 870 2476 (v.
894 2390 982 2456 locos
1005 2413 1104 2476 supra
1124 2413 1199 2477 pag.
1220 2398 1259 2454 79
1275 2413 1325 2474 sq.
1350 2390 1491 2473 allatos).

423 2502 532 2570 Quam
553 2500 722 2578 Israelitae
751 2521 883 2564 causam
912 2521 950 2564 ac
978 2497 1140 2564 rationem
1167 2496 1229 2563 otii
1256 2497 1417 2566 sabbatici
1443 2521 1507 2584 po-

337 2608 475 2688 suerint,
492 2607 638 2692 priorum
652 2607 886 2692 prophetarum
900 2605 979 2672 libri
993 2626 1062 2670 non
1073 2606 1205 2672 docent.
1233 2606 1377 2671 Jeremia
1391 2617 1505 2672 autem

339 2734 441 2797 quum
462 2713 584 2778 laboris
605 2714 883 2780 intermissionem
904 2713 1012 2780 verbis
1035 2714 1228 2792 „sabbatum
1249 2725 1362 2780 sancte
1383 2723 1502 2800 agere·‘

339 2820 503 2907 significat
525 2831 559 2886 et
579 2821 731 2908 Ezechiel
753 2823 925 2888 sabbatum
948 2820 1077 2904 (labore)
1099 2820 1342 2906 profanari²
1363 2843 1504 2904 querens

336 2929 526 3010 ostendunt,
552 2930 686 2994 sabbata
707 2929 778 2993 dies
798 2928 943 2993 Jehovae
971 2949 1040 2993 esse
1061 2927 1184 3008 habita,
1219 2949 1358 3011 quorum
1380 2930 1506 2995 sancti-

338 3047 387 3103 tas
409 3034 576 3102 laboribus
597 3035 684 3100 vitae
706 3035 918 3120 quotidianae
945 3035 1131 3101 violaretur.
1179 3035 1360 3101 Sabbatum
1389 3049 1504 3102 sancte

336 3145 502 3230 agendum
524 3154 576 3209 est
596 3165 665 3208 non
680 3142 831 3208 faciendo
846 3142 981 3226 aliquid,
1008 3144 1169 3208 sednon
1191 3145 1372 3228 agendo,
1397 3143 1504 3209 inter-

336 3251 498 3317 mittendo
519 3251 665 3317 laborem
687 3250 917 3336 quotidianum
946 3249 1001 3314 die
1022 3250 1182 3332 Jehovae,
1214 3272 1278 3334 quo
1307 3251 1405 3316 homo
1433 3273 1501 3316 non

336 3359 434 3425 debet
463 3358 513 3424 uti
540 3360 583 3424 ad
610 3380 670 3424 sua
698 3357 831 3444 negotia
860 3358 998 3443 agenda.
1052 3361 1144 3422 Bene
1174 3367 1285 3422 autem
1313 3357 1407 3439 facit,
1444 3358 1501 3442 qui

336 3468 508 3530 sabbatum
530 3468 571 3531 ab
593 3466 747 3552 operibus
770 3464 964 3530 abstinendo
987 3475 1098 3530 sancte
1120 3465 1205 3550 agit,
1237 3486 1306 3530 non
1329 3465 1418 3548 quod
1438 3465 1501 3530 ali-
1593 3451 1595 3460 ¹

337 3571 418 3654 quid
438 3575 562 3637 bonum
583 3573 718 3639 otiando
739 3574 808 3654 fiat,
834 3573 891 3638 sed
913 3573 1001 3656 quod
1022 3571 1167 3637 Jehovae
1188 3571 1245 3637 ille
1266 3584 1359 3657 paret
1380 3584 1414 3638 et
1429 3572 1501 3657 ejus

408 3807 627 3879 risoseja1.l.
653 3808 865 3866 celebrationem
888 3808 1076 3877 sabbatorum,
1104 3827 1174 3881 quae
1198 3809 1339 3867 sacrificiis
1363 3818 1414 3866 etc.
1440 3812 1496 3874 fiat,

334 3896 484 3969 vituperat,
503 3912 559 3950 non
576 3894 674 3950 otium.

407 3985 430 4049 2)
460 3982 545 4038 nutriti
570 3993 612 4038 nrt
634 3982 698 4054 tirp
721 3979 824 4052 legitur
847 3981 902 4038 Jer.
918 3985 959 4049 17,
981 3985 1023 4037 22.
1038 3985 1080 4038 24.
1093 3985 1135 4036 27.
1158 3981 1258 4037 Erech.
1272 3985 1314 4047 20,
1331 3984 1373 4037 20.
1399 3986 1441 4050 44,
1457 3986 1498 4039 24.

336 4067 409 4124 Neh.
426 4071 466 4135 13,
482 4071 524 4125 22.
541 4067 647 4134 Denl.;
663 4069 747 4125 nztitt
761 4078 802 4124 tut
814 4061 871 4123 55η
888 4067 991 4124 Erech.
1005 4071 1047 4134 20,
1065 4069 1218 4123 13.16.21.
1234 4069 1276 4122 24.
1298 4071 1341 4134 22,
1355 4072 1381 4125 8.
1399 4071 1441 4136 23,
1457 4073 1497 4125 38.

335 4153 408 4209 Neh.
425 4157 465 4220 13,
483 4157 522 4210 17.
536 4155 577 4209 18.
600 4153 684 4226 Jesaj.
698 4157 740 4219 50,
754 4155 779 4209 2.
796 4153 887 4210 Exod.
899 4156 941 4221 ³1,
958 4157 1002 4220 l4;
1030 4154 1115 4210 nrtirt
1134 4165 1175 4210 tut
1193 4153 1355 4226 tau'lesaj.
1372 4158 1414 4221 50,
1430 4159 1456 4210 2.
1471 4161 1495 4210 4.

336 4239 425 4295 Exod.
438 4242 480 4306 31,
498 4242 539 4295 13.
555 4241 594 4294 14.
609 4242 649 4296 10.
668 4240 734 4296 Lev.
747 4243 788 4306 19,
803 4243 829 4296 3.
843 4242 886 4294 30.
905 4242 947 4307 20,
963 4243 987 4297 2.
1005 4239 1102 4296 Decal.
