3310 5126
784 1209 1035 1290 CaputIV.

415 1477 574 1538 Arabes
600 1473 813 1540 hebdomadis
842 1497 938 1539 usum
968 1478 1009 1540 ab
1031 1476 1193 1540 Hebraeis
1216 1476 1391 1561 accepisse,
1416 1498 1491 1561 pro-

329 1583 421 1647 bavit
449 1581 658 1647 Schrader
686 1582 723 1645 in
743 1582 876 1648 Studien
897 1606 929 1647 a.
956 1585 1018 1648 Kr.
1048 1591 1127 1648 1874
1158 1586 1175 1648 Ι
1204 1606 1279 1669 pag.
1303 1591 1364 1647 344
1385 1587 1488 1668 sqq.¹.

329 1691 422 1754 Idem
437 1689 527 1755 illic²
543 1690 786 1772 demonstravit,
804 1691 1054 1775 Aethiopes,
1082 1692 1201 1777 quippe
1224 1691 1281 1774 qui
1295 1691 1491 1755 vocabulum

330 1801 472 1928 naq:
509 1807 559 1890 (ε
583 1803 738 1890 ἕβδομός)
764 1817 837 1891 post
867 1806 951 1870 illud
980 1809 1113 1871 demum
1141 1817 1288 1892 tempus,
1321 1827 1385 1890 quo
1414 1805 1493 1870 libri

330 1931 436 1993 drvmr
458 1951 495 1991 rn
516 1927 665 2012 linguam
688 1950 799 1992 eorum
821 1926 905 1992 versi
928 1938 1023 2010 sunt,
1054 1929 1225 2008 finxerint,
1260 1948 1362 2011 quum
1389 1926 1493 1990 inter-

329 2047 436 2122 pretes
458 2036 616 2100 librorum
639 2035 825 2100 divinorum
846 2035 1022 2120 aethiopici
1051 2045 1085 2100 et
1113 2037 1285 2099 sabbatum
1313 2045 1346 2098 et
1367 2035 1494 2099 hebdo-

329 2147 459 2209 madem
480 2143 697 2227 significaturi
718 2165 796 2207 voce
819 2144 931 2208 santet
957 2143 1000 2228 (h.
1020 2166 1048 2208 e.
1074 2137 1155 2233 nati)
1183 2145 1224 2205 ab
1239 2143 1401 2208 Hebraeis
1423 2143 1493 2206 sive

314 2251 499 2317 ‘aGraecis
520 2246 713 2334 (σάββατον)
740 2260 873 2335 accepta
894 2249 946 2314 usi
962 2250 1038 2332 sint,
1063 2250 1277 2316 hebdomadis
1292 2271 1390 2315 usum
1409 2271 1489 2331 sero,

330 2359 463 2424 fortasse
486 2381 505 2422 a
528 2357 725 2421 Christianis
746 2359 979 2423 Alexandrinis
1002 2358 1168 2423 didicisse.

415 2467 506 2530 Num
527 2465 742 2529 Aramaeis
764 2465 984 2532 hebdomades
1007 2479 1040 2532 et
1062 2469 1197 2531 sabbata
1218 2465 1353 2546 fuerint,
1380 2464 1494 2550 explo-

330 2596 399 2637 rare
421 2573 613 2657 nequimus,
647 2595 749 2657 quum
778 2574 818 2636 de
848 2577 947 2638 rebus
977 2573 1121 2658 antiquis
1153 2596 1265 2638 eorum
1291 2594 1408 2658 parum
1436 2595 1495 2657 per

330 2675 410 2745 alias
433 2692 559 2765 gentes,
583 2680 677 2744 libris
697 2679 866 2744 aramaicis
889 2681 968 2746 satis
990 2681 1127 2746 vetustis
1149 2681 1236 2745 nihil
1257 2664 1416 2746 traditum
1437 2681 1491 2745 sit.

416 2790 541 2868 Restat,
568 2798 607 2851 ut
629 2809 832 2871 quaeramus,
858 2810 940 2852 num
962 2790 1050 2874 apud
1080 2788 1339 2874 Babylonios
1368 2787 1494 2853 hebdo-

330 2895 435 2960 madis
477 2896 668 2979 sabbatique
701 2894 840 2980 vestigia
880 2906 1020 2961 exstent.
1089 2895 1216 2966 Quodsi
1251 2896 1324 2981 quis
1360 2897 1490 2979 sentiet,

329 3005 498 3068 Hebraeos
520 3013 596 3067 ante
616 3004 734 3068 Mosen
755 3003 959 3068 hebdomade
980 3026 1056 3070 usos
1080 3026 1150 3068 esse
1173 3014 1206 3068 et
1227 3005 1362 3069 sabbata
1383 2993 1493 3088 aliquo

329 3113 426 3177 modo
449 3111 651 3192 distinxisse,
676 3110 712 3174 in
728 3133 766 3175 ea
781 3122 875 3193 terra,
903 3134 943 3176 ex
965 3135 1029 3196 qua
1051 3123 1164 3177 auctor
1179 3111 1249 3196 ejus
1265 3112 1373 3196 gentis
1388 3112 1491 3192 venit,

400 3303 422 3366 1)
449 3299 628 3371 Argumentis
649 3299 738 3355 utitur
763 3299 853 3356 hisce:
882 3318 982 3356 nomen
1008 3300 1188 3356 hebdomadis
1214 3300 1352 3354 arabicum
1377 3299 1493 3354 alterum

330 3371 430 3480 &pal
449 3385 501 3440 elif
515 3385 684 3458 prosthetico
702 3387 796 3443 fictum
812 3386 977 3442 vocabulum
993 3386 1167 3459 peregrinum
1180 3403 1239 3441 esse
1251 3386 1429 3442 menifestum
1441 3393 1492 3450 est,

330 3496 413 3560 atque
432 3507 465 3544 ex
482 3489 611 3545 hebreico
625 3489 696 3546 sinti
715 3496 806 3544 ortum
823 3507 881 3544 esse
899 3490 1017 3556 videtur,
1038 3490 1109 3545 sicut
1127 3509 1216 3556 w
1234 3506 1267 3544 ex
1279 3489 1357 3545 nard:
1379 3488 1495 3544 alterum

330 3612 423 3686 {stu
440 3591 497 3648 elic
518 3600 626 3648 tentum
647 3592 724 3649 illius
746 3592 844 3648 forma·
857 3599 907 3648 est.
942 3592 1026 3646 Fides
1051 3592 1204 3648 sententiae
1228 3592 1340 3647 additur
1357 3611 1398 3659 eo,
1420 3591 1495 3663 quod

331 3703 439 3752 sextum
457 3695 529 3750 diem
541 3696 647 3752 Arabes
659 3695 799 3751 interdum
816 3693 900 3778 ab?
917 3694 1065 3766 appellant,
1087 3713 1168 3766 quam
1185 3712 1279 3750 vocem
1297 3713 1331 3750 ex
1344 3695 1495 3750 aremeico-

326 3782 441 3854 judaica
459 3791 582 3863 Aqqtnq,
609 3781 637 3836 h.
653 3800 676 3836 e.
697 3799 809 3853 „vesper
830 3786 902 3849 (ante
921 3781 1091 3848 sabbatum)“
1115 3781 1205 3836 fictam
1229 3798 1289 3836 esse
1312 3789 1417 3836 certum
1440 3789 1490 3836 est.

330 3868 448 3926 Accedit
471 3867 546 3938 quod
569 3884 699 3923 numerus
722 3861 895 3938 septenarius
919 3866 992 3938 apud
1016 3866 1123 3924 Arabes
1150 3885 1205 3921 non
1234 3874 1313 3922 tanto
1337 3865 1367 3921 in
1390 3865 1493 3922 bonore
1514 3863 1526 3876 ⁴

330 3955 483 4010 habebatur
495 3971 577 4024 quam
589 3954 663 4024 apud
674 3954 825 4018 Hebraeos,
845 3953 920 4024 quod
931 3952 995 4007 inde
1007 3952 1123 4007 maxime
1141 3959 1263 4024 apparet,
1284 3953 1357 4024 quod
1370 3953 1494 4008 Arabum

330 4043 444 4099 verbum
459 4039 572 4110 jurandi
589 4058 644 4094 non
669 4047 700 4094 ut
717 4038 877 4095 hebraicum
895 4039 965 4095 tntis
985 4039 1109 4094 aradice
1127 4039 1234 4094 numeri
1252 4038 1401 4110 septenarii
1419 4038 1493 4094 deri-

330 4134 424 4183 vatum
447 4133 497 4182 est.
541 4125 583 4180 cf.
608 4143 679 4196 quae
703 4145 719 4180 a
743 4125 893 4181 Schradero
917 4125 1020 4196 scripta
1047 4124 1176 4196 leguntur
1200 4125 1229 4179 in
1253 4125 1360 4180 ZDMG
1383 4123 1494 4179 XXVH

216 4208 220 4218 “
333 4215 418 4280 (1873)
437 4229 500 4283 pag.
515 4215 574 4267 405.
587 4215 647 4278 407,
669 4220 697 4267 et
714 4231 731 4266 a
748 4211 866 4267 Brendis
884 4211 912 4267 in
930 4212 1070 4280 „Hermes“
1087 4211 1117 4267 II
1135 4213 1185 4266 259
1198 4227 1258 4284 sqq.

399 4301 424 4364 2)
445 4315 509 4371 pag.
523 4300 573 4351 352
586 4315 626 4370 sq.
