<?xml version="1.0" encoding="UTF-8"?>
<!DOCTYPE html PUBLIC "-//W3C//DTD XHTML 1.0 Transitional//EN"
    "http://www.w3.org/TR/xhtml1/DTD/xhtml1-transitional.dtd">
<html xmlns="http://www.w3.org/1999/xhtml" xml:lang="en" lang="en">
 <head>
  <title>
</title>
<meta http-equiv="Content-Type" content="text/html;charset=utf-8" />
  <meta name='ocr-system' content='tesseract 3.04.00' />
  <meta name='ocr-capabilities' content='ocr_page ocr_carea ocr_par ocr_line ocrx_word'/>
</head>
<body>
  <div class='ocr_page' id='page_1' title='image "./quaestionesdehi00lotzgoog_0089.png"; bbox 0 0 3276 5130; ppageno 0'>
   <div class='ocr_carea' id='block_1_1' title="bbox 850 364 1064 426">
    <p class='ocr_par' dir='ltr' id='par_1_1' title="bbox 850 364 1064 426">
     <span class='ocr_line' id='line_1_1' title="bbox 850 364 1064 426; baseline 0.009 -18"><span class='ocrx_word' id='word_1_1' title='bbox 850 364 1064 426; x_wconf 71' lang='lat'><strong>„76-</strong></span> 
     </span>
    </p>
   </div>
   <div class='ocr_carea' id='block_1_2' title="bbox 374 529 1521 2434">
    <p class='ocr_par' dir='ltr' id='par_1_2' title="bbox 374 529 1521 1364">
     <span class='ocr_line' id='line_1_2' title="bbox 376 529 1521 617; baseline 0.002 -23"><span class='ocrx_word' id='word_1_2' title='bbox 376 529 506 594; x_wconf 90' lang='lat' dir='ltr'><strong>saeculo</strong></span> <span class='ocrx_word' id='word_1_3' title='bbox 528 540 642 595; x_wconf 85' lang='lat' dir='ltr'><strong>octavo</strong></span> <span class='ocrx_word' id='word_1_4' title='bbox 664 531 800 596; x_wconf 86' lang='lat' dir='ltr'><strong>sabbata</strong></span> <span class='ocrx_word' id='word_1_5' title='bbox 821 543 859 597; x_wconf 90' lang='lat' dir='ltr'><strong>ut</strong></span> <span class='ocrx_word' id='word_1_6' title='bbox 880 533 949 598; x_wconf 89' lang='lat' dir='ltr'><strong>dies</strong></span> <span class='ocrx_word' id='word_1_7' title='bbox 977 532 1097 616; x_wconf 91' lang='lat' dir='ltr'><strong>quietis</strong></span> <span class='ocrx_word' id='word_1_8' title='bbox 1120 531 1297 617; x_wconf 82' lang='lat' dir='ltr'>diligenter</span> <span class='ocrx_word' id='word_1_9' title='bbox 1326 551 1397 596; x_wconf 90' lang='lat' dir='ltr'><strong>esse</strong></span> <span class='ocrx_word' id='word_1_10' title='bbox 1424 533 1521 596; x_wconf 90' lang='lat' dir='ltr'><strong>obser-</strong></span> 
     </span>
     <span class='ocr_line' id='line_1_3' title="bbox 375 637 1521 722; baseline 0.002 -22"><span class='ocrx_word' id='word_1_11' title='bbox 375 647 460 701; x_wconf 85' lang='lat' dir='ltr'><strong>vata.</strong></span> <span class='ocrx_word' id='word_1_12' title='bbox 500 637 587 701; x_wconf 91' lang='lat' dir='ltr'><strong>Nam</strong></span> <span class='ocrx_word' id='word_1_13' title='bbox 609 658 712 720; x_wconf 89' lang='lat' dir='ltr'><strong>quum</strong></span> <span class='ocrx_word' id='word_1_14' title='bbox 734 639 965 703; x_wconf 84' lang='lat' dir='ltr'><strong>commercium</strong></span> <span class='ocrx_word' id='word_1_15' title='bbox 987 638 1268 718; x_wconf 82' lang='lat' dir='ltr'><strong>intermitteretur,</strong></span> <span class='ocrx_word' id='word_1_16' title='bbox 1294 637 1438 722; x_wconf 87' lang='lat' dir='ltr'><strong>profecto</strong></span> <span class='ocrx_word' id='word_1_17' title='bbox 1458 637 1521 702; x_wconf 92' lang='lat' dir='ltr'><strong>aliis</strong></span> 
     </span>
     <span class='ocr_line' id='line_1_4' title="bbox 375 743 1521 832; baseline 0 -24"><span class='ocrx_word' id='word_1_18' title='bbox 375 765 504 828; x_wconf 90' lang='lat' dir='ltr'><strong>quoque</strong></span> <span class='ocrx_word' id='word_1_19' title='bbox 525 743 691 809; x_wconf 74' lang='lat' dir='ltr'><strong>laboribus</strong></span> <span class='ocrx_word' id='word_1_20' title='bbox 714 755 747 809; x_wconf 90' lang='lat' dir='ltr'><strong>et</strong></span> <span class='ocrx_word' id='word_1_21' title='bbox 768 747 909 810; x_wconf 85' lang='lat' dir='ltr'><strong>maxime</strong></span> <span class='ocrx_word' id='word_1_22' title='bbox 931 768 1026 832; x_wconf 91' lang='lat' dir='ltr'><strong>opere</strong></span> <span class='ocrx_word' id='word_1_23' title='bbox 1048 745 1169 831; x_wconf 80' lang='lat' dir='ltr'><strong>agresti</strong></span> <span class='ocrx_word' id='word_1_24' title='bbox 1183 744 1349 810; x_wconf 88' lang='lat' dir='ltr'><strong>abstinere</strong></span> <span class='ocrx_word' id='word_1_25' title='bbox 1370 744 1418 808; x_wconf 82' lang='lat' dir='ltr'><strong>fas</strong></span> <span class='ocrx_word' id='word_1_26' title='bbox 1438 757 1521 829; x_wconf 82' lang='lat' dir='ltr'><strong>puto-</strong></span> 
     </span>
     <span class='ocr_line' id='line_1_5' title="bbox 374 850 1521 938; baseline -0.001 -23"><span class='ocrx_word' id='word_1_27' title='bbox 374 852 482 915; x_wconf 84' lang='lat' dir='ltr'><strong>batur.</strong></span> <span class='ocrx_word' id='word_1_28' title='bbox 530 852 620 916; x_wconf 90' lang='lat' dir='ltr'><strong>Num</strong></span> <span class='ocrx_word' id='word_1_29' title='bbox 642 852 715 937; x_wconf 84' lang='lat' dir='ltr'><strong>lege</strong></span> <span class='ocrx_word' id='word_1_30' title='bbox 738 852 890 917; x_wconf 90' lang='lat' dir='ltr'><strong>omnibus</strong></span> <span class='ocrx_word' id='word_1_31' title='bbox 910 864 989 918; x_wconf 83' lang='lat' dir='ltr'><strong>nota</strong></span> <span class='ocrx_word' id='word_1_32' title='bbox 1011 863 1044 918; x_wconf 92' lang='lat' dir='ltr'><strong>et</strong></span> <span class='ocrx_word' id='word_1_33' title='bbox 1064 855 1199 938; x_wconf 81' lang='lat' dir='ltr'><strong>probata</strong></span> <span class='ocrx_word' id='word_1_34' title='bbox 1226 850 1319 934; x_wconf 92' lang='lat' dir='ltr'><strong>quies</strong></span> <span class='ocrx_word' id='word_1_35' title='bbox 1345 850 1442 915; x_wconf 81' lang='lat' dir='ltr'><strong>fuerit</strong></span> <span class='ocrx_word' id='word_1_36' title='bbox 1467 851 1521 914; x_wconf 92' lang='lat' dir='ltr'><strong>im-</strong></span> 
     </span>
     <span class='ocr_line' id='line_1_6' title="bbox 374 959 1521 1042; baseline 0.001 -21"><span class='ocrx_word' id='word_1_37' title='bbox 374 967 497 1042; x_wconf 88' lang='lat' dir='ltr'><strong>perata,</strong></span> <span class='ocrx_word' id='word_1_38' title='bbox 523 979 591 1023; x_wconf 91' lang='lat' dir='ltr'><strong>non</strong></span> <span class='ocrx_word' id='word_1_39' title='bbox 613 959 709 1023; x_wconf 87' lang='lat' dir='ltr'><strong>docet</strong></span> <span class='ocrx_word' id='word_1_40' title='bbox 730 959 787 1023; x_wconf 92' lang='lat' dir='ltr'><strong>ille</strong></span> <span class='ocrx_word' id='word_1_41' title='bbox 803 960 936 1042; x_wconf 91' lang='lat' dir='ltr'><strong>quidem</strong></span> <span class='ocrx_word' id='word_1_42' title='bbox 949 960 1051 1041; x_wconf 86' lang='lat' dir='ltr'><strong>locus,</strong></span> <span class='ocrx_word' id='word_1_43' title='bbox 1076 960 1134 1024; x_wconf 93' lang='lat' dir='ltr'><strong>sed</strong></span> <span class='ocrx_word' id='word_1_44' title='bbox 1148 981 1219 1024; x_wconf 92' lang='lat' dir='ltr'><strong>mos</strong></span> <span class='ocrx_word' id='word_1_45' title='bbox 1235 969 1324 1022; x_wconf 90' lang='lat' dir='ltr'><strong>certe</strong></span> <span class='ocrx_word' id='word_1_46' title='bbox 1339 979 1409 1021; x_wconf 87' lang='lat' dir='ltr'><strong>eam</strong></span> <span class='ocrx_word' id='word_1_47' title='bbox 1422 967 1521 1042; x_wconf 87' lang='lat' dir='ltr'><strong>postu·</strong></span> 
     </span>
     <span class='ocr_line' id='line_1_7' title="bbox 374 1063 1521 1151; baseline 0 -23"><span class='ocrx_word' id='word_1_48' title='bbox 374 1063 476 1143; x_wconf 86' lang='lat' dir='ltr'><strong>labat,</strong></span> <span class='ocrx_word' id='word_1_49' title='bbox 500 1085 597 1148; x_wconf 92' lang='lat' dir='ltr'><strong>quem</strong></span> <span class='ocrx_word' id='word_1_50' title='bbox 618 1065 746 1130; x_wconf 91' lang='lat' dir='ltr'><strong>nemini</strong></span> <span class='ocrx_word' id='word_1_51' title='bbox 767 1065 888 1130; x_wconf 78' lang='lat' dir='ltr'><strong>licebat</strong></span> <span class='ocrx_word' id='word_1_52' title='bbox 906 1066 1090 1151; x_wconf 82' lang='lat' dir='ltr'><strong>neglegere.</strong></span> <span class='ocrx_word' id='word_1_53' title='bbox 1131 1067 1240 1134; x_wconf 78' lang='lat' dir='ltr'><strong>Quem</strong></span> <span class='ocrx_word' id='word_1_54' title='bbox 1260 1067 1302 1130; x_wconf 93' lang='lat' dir='ltr'><strong>ob</strong></span> <span class='ocrx_word' id='word_1_55' title='bbox 1324 1085 1394 1128; x_wconf 90' lang='lat' dir='ltr'><strong>rem</strong></span> <span class='ocrx_word' id='word_1_56' title='bbox 1413 1085 1521 1128; x_wconf 87' lang='lat' dir='ltr'><strong>merca·</strong></span> 
     </span>
     <span class='ocr_line' id='line_1_8' title="bbox 375 1171 1519 1257; baseline -0.002 -21"><span class='ocrx_word' id='word_1_57' title='bbox 375 1181 461 1236; x_wconf 88' lang='lat' dir='ltr'><strong>tores</strong></span> <span class='ocrx_word' id='word_1_58' title='bbox 483 1171 572 1236; x_wconf 89' lang='lat' dir='ltr'><strong>avari</strong></span> <span class='ocrx_word' id='word_1_59' title='bbox 594 1173 694 1236; x_wconf 87' lang='lat' dir='ltr'><strong>finem</strong></span> <span class='ocrx_word' id='word_1_60' title='bbox 716 1172 843 1237; x_wconf 84' lang='lat' dir='ltr'><strong>sabbati</strong></span> <span class='ocrx_word' id='word_1_61' title='bbox 865 1173 1068 1252; x_wconf 88' lang='lat' dir='ltr'><strong>desiderant,</strong></span> <span class='ocrx_word' id='word_1_62' title='bbox 1092 1184 1131 1238; x_wconf 89' lang='lat' dir='ltr'><strong>ut</strong></span> <span class='ocrx_word' id='word_1_63' title='bbox 1152 1174 1194 1237; x_wconf 82' lang='lat' dir='ltr'><strong>sd</strong></span> <span class='ocrx_word' id='word_1_64' title='bbox 1215 1171 1367 1257; x_wconf 88' lang='lat' dir='ltr'><strong>negotia,</strong></span> <span class='ocrx_word' id='word_1_65' title='bbox 1401 1191 1519 1253; x_wconf 89' lang='lat' dir='ltr'><strong>quorum</strong></span> 
     </span>
     <span class='ocr_line' id='line_1_9' title="bbox 374 1277 1238 1364; baseline 0.001 -23"><span class='ocrx_word' id='word_1_66' title='bbox 374 1277 504 1344; x_wconf 87' lang='lat' dir='ltr'><strong>luorum</strong></span> <span class='ocrx_word' id='word_1_67' title='bbox 525 1277 641 1343; x_wconf 84' lang='lat' dir='ltr'><strong>fraude</strong></span> <span class='ocrx_word' id='word_1_68' title='bbox 663 1278 784 1343; x_wconf 80' lang='lat' dir='ltr'><strong>callent</strong></span> <span class='ocrx_word' id='word_1_69' title='bbox 805 1301 936 1364; x_wconf 86' lang='lat' dir='ltr'><strong>augere,</strong></span> <span class='ocrx_word' id='word_1_70' title='bbox 959 1280 1079 1344; x_wconf 87' lang='lat' dir='ltr'><strong>reverti</strong></span> <span class='ocrx_word' id='word_1_71' title='bbox 1099 1279 1238 1364; x_wconf 85' lang='lat' dir='ltr'><strong>possint.</strong></span> 
     </span>
    </p>

    <p class='ocr_par' dir='ltr' id='par_1_3' title="bbox 376 1383 1518 2217">
     <span class='ocr_line' id='line_1_10' title="bbox 462 1383 1518 1471; baseline -0.005 -21"><span class='ocrx_word' id='word_1_72' title='bbox 462 1387 620 1450; x_wconf 87' lang='lat' dir='ltr'><strong>Hoseae</strong></span> <span class='ocrx_word' id='word_1_73' title='bbox 641 1407 697 1450; x_wconf 90' lang='lat' dir='ltr'><strong>ore</strong></span> <span class='ocrx_word' id='word_1_74' title='bbox 718 1386 757 1469; x_wconf 88' lang='grc'><strong>(2,</strong></span> <span class='ocrx_word' id='word_1_75' title='bbox 781 1387 829 1470; x_wconf 85' lang='grc'><strong>13)</strong></span> <span class='ocrx_word' id='word_1_76' title='bbox 848 1387 939 1450; x_wconf 91' lang='lat' dir='ltr'><strong>Deus</strong></span> <span class='ocrx_word' id='word_1_77' title='bbox 953 1386 1086 1471; x_wconf 92' lang='lat' dir='ltr'><strong>populo,</strong></span> <span class='ocrx_word' id='word_1_78' title='bbox 1112 1407 1210 1469; x_wconf 90' lang='lat' dir='ltr'><strong>quem</strong></span> <span class='ocrx_word' id='word_1_79' title='bbox 1231 1396 1321 1450; x_wconf 90' lang='lat' dir='ltr'><strong>terra</strong></span> <span class='ocrx_word' id='word_1_80' title='bbox 1343 1407 1402 1450; x_wconf 90' lang='lat' dir='ltr'><strong>sua</strong></span> <span class='ocrx_word' id='word_1_81' title='bbox 1422 1383 1518 1468; x_wconf 83' lang='lat' dir='ltr'><strong>expul-</strong></span> 
     </span>
     <span class='ocr_line' id='line_1_11' title="bbox 378 1489 1514 1575; baseline -0.002 -19"><span class='ocrx_word' id='word_1_82' title='bbox 378 1513 452 1556; x_wconf 90' lang='lat' dir='ltr'><strong>sum</strong></span> <span class='ocrx_word' id='word_1_83' title='bbox 488 1489 530 1556; x_wconf 88' lang='lat' dir='ltr'><strong>iri</strong></span> <span class='ocrx_word' id='word_1_84' title='bbox 565 1489 794 1575; x_wconf 86' lang='lat' dir='ltr'><strong>praenuntiat,</strong></span> <span class='ocrx_word' id='word_1_85' title='bbox 830 1493 878 1558; x_wconf 84' lang='lat' dir='ltr'><strong>sic</strong></span> <span class='ocrx_word' id='word_1_86' title='bbox 908 1491 1069 1558; x_wconf 84' lang='lat' dir='ltr'><strong>minetur:</strong></span> <span class='ocrx_word' id='word_1_87' title='bbox 1112 1493 1163 1558; x_wconf 85' lang='lat' dir='ltr'><strong>Et</strong></span> <span class='ocrx_word' id='word_1_88' title='bbox 1199 1492 1349 1556; x_wconf 92' lang='lat' dir='ltr'><strong>tollam</strong></span> <span class='ocrx_word' id='word_1_89' title='bbox 1385 1513 1514 1556; x_wconf 89' lang='lat' dir='ltr'><strong>omnem</strong></span> 
     </span>
     <span class='ocr_line' id='line_1_12' title="bbox 377 1594 1511 1684; baseline -0.003 -22"><span class='ocrx_word' id='word_1_90' title='bbox 377 1599 636 1683; x_wconf 88' lang='lat' dir='ltr'><strong>voluptatem</strong></span> <span class='ocrx_word' id='word_1_91' title='bbox 659 1599 758 1684; x_wconf 88' lang='lat' dir='ltr'><strong>ejus,</strong></span> <span class='ocrx_word' id='word_1_92' title='bbox 785 1597 891 1664; x_wconf 91' lang='lat' dir='ltr'><strong>diem</strong></span> <span class='ocrx_word' id='word_1_93' title='bbox 913 1594 1069 1664; x_wconf 84' lang='lat' dir='ltr'><strong>festum</strong></span> <span class='ocrx_word' id='word_1_94' title='bbox 1091 1609 1131 1664; x_wconf 92' lang='lat' dir='ltr'><strong>et</strong></span> <span class='ocrx_word' id='word_1_95' title='bbox 1158 1622 1307 1664; x_wconf 89' lang='lat' dir='ltr'><strong>novam</strong></span> <span class='ocrx_word' id='word_1_96' title='bbox 1335 1599 1464 1664; x_wconf 86' lang='lat' dir='ltr'><strong>lunam</strong></span> <span class='ocrx_word' id='word_1_97' title='bbox 1483 1607 1511 1660; x_wconf 88' lang='lat' dir='ltr'><strong>et</strong></span> 
     </span>
     <span class='ocr_line' id='line_1_13' title="bbox 378 1704 1510 1790; baseline -0.006 -19"><span class='ocrx_word' id='word_1_98' title='bbox 378 1707 595 1771; x_wconf 85' lang='lat' dir='ltr'><strong>sabbatum</strong></span> <span class='ocrx_word' id='word_1_99' title='bbox 629 1716 667 1770; x_wconf 92' lang='lat' dir='ltr'><strong>et</strong></span> <span class='ocrx_word' id='word_1_100' title='bbox 699 1717 850 1771; x_wconf 88' lang='lat' dir='ltr'><strong>cuncta</strong></span> <span class='ocrx_word' id='word_1_101' title='bbox 888 1704 978 1790; x_wconf 89' lang='lat' dir='ltr'><strong>ejus</strong></span> <span class='ocrx_word' id='word_1_102' title='bbox 1018 1705 1253 1772; x_wconf 86' lang='lat' dir='ltr'><strong>sollemnia.</strong></span> <span class='ocrx_word' id='word_1_103' title='bbox 1315 1707 1409 1774; x_wconf 86' lang='lat' dir='ltr'><strong>Quae</strong></span> <span class='ocrx_word' id='word_1_104' title='bbox 1439 1704 1510 1766; x_wconf 83' lang='lat' dir='ltr'><strong>verba</strong></span> 
     </span>
     <span class='ocr_line' id='line_1_14' title="bbox 378 1809 1514 1896; baseline -0.005 -18"><span class='ocrx_word' id='word_1_105' title='bbox 378 1811 522 1878; x_wconf 88' lang='lat' dir='ltr'><strong>dilucide</strong></span> <span class='ocrx_word' id='word_1_106' title='bbox 545 1812 674 1894; x_wconf 84' lang='lat' dir='ltr'><strong>docent,</strong></span> <span class='ocrx_word' id='word_1_107' title='bbox 699 1815 832 1877; x_wconf 84' lang='lat' dir='ltr'><strong>sabbata</strong></span> <span class='ocrx_word' id='word_1_108' title='bbox 853 1835 922 1878; x_wconf 91' lang='lat' dir='ltr'><strong>non</strong></span> <span class='ocrx_word' id='word_1_109' title='bbox 943 1813 1044 1879; x_wconf 83' lang='lat' dir='ltr'><strong>firisse</strong></span> <span class='ocrx_word' id='word_1_110' title='bbox 1067 1813 1137 1880; x_wconf 84' lang='lat' dir='ltr'><strong>dies</strong></span> <span class='ocrx_word' id='word_1_111' title='bbox 1159 1814 1281 1894; x_wconf 89' lang='lat' dir='ltr'><strong>tristes,</strong></span> <span class='ocrx_word' id='word_1_112' title='bbox 1307 1834 1414 1896; x_wconf 88' lang='lat' dir='ltr'><strong>neque</strong></span> <span class='ocrx_word' id='word_1_113' title='bbox 1434 1809 1514 1874; x_wconf 84' lang='lat' dir='ltr'><strong>otium</strong></span> 
     </span>
     <span class='ocr_line' id='line_1_15' title="bbox 377 1917 1514 2005; baseline -0.006 -20"><span class='ocrx_word' id='word_1_114' title='bbox 377 1919 418 1985; x_wconf 91' lang='lat' dir='ltr'><strong>iis</strong></span> <span class='ocrx_word' id='word_1_115' title='bbox 440 1919 590 1985; x_wconf 89' lang='lat' dir='ltr'><strong>debitum</strong></span> <span class='ocrx_word' id='word_1_116' title='bbox 611 1917 817 2005; x_wconf 91' lang='lat' dir='ltr'><strong>prohibuisse</strong></span> <span class='ocrx_word' id='word_1_117' title='bbox 838 1921 1037 1987; x_wconf 77' lang='lat' dir='ltr'><strong>hilaritatem</strong></span> <span class='ocrx_word' id='word_1_118' title='bbox 1058 1920 1232 1986; x_wconf 89' lang='lat' dir='ltr'><strong>hominum</strong></span> <span class='ocrx_word' id='word_1_119' title='bbox 1254 1943 1294 1986; x_wconf 89' lang='lat' dir='ltr'><strong>ae</strong></span> <span class='ocrx_word' id='word_1_120' title='bbox 1315 1918 1514 1992; x_wconf 84' lang='lat' dir='ltr'><strong>festivitatem,</strong></span> 
     </span>
     <span class='ocr_line' id='line_1_16' title="bbox 377 2021 1515 2100; baseline -0.006 -8"><span class='ocrx_word' id='word_1_121' title='bbox 377 2038 501 2092; x_wconf 80' lang='lat' dir='ltr'><strong>utnon</strong></span> <span class='ocrx_word' id='word_1_122' title='bbox 523 2027 902 2092; x_wconf 81' lang='lat' dir='ltr'><strong>demonstrantsabbcta</strong></span> <span class='ocrx_word' id='word_1_123' title='bbox 931 2029 978 2093; x_wconf 92' lang='lat' dir='ltr'><strong>ita</strong></span> <span class='ocrx_word' id='word_1_124' title='bbox 1003 2028 1064 2092; x_wconf 89' lang='lat' dir='ltr'><strong>soli</strong></span> <span class='ocrx_word' id='word_1_125' title='bbox 1089 2027 1235 2094; x_wconf 91' lang='lat' dir='ltr'><strong>laetitiae</strong></span> <span class='ocrx_word' id='word_1_126' title='bbox 1265 2026 1397 2092; x_wconf 89' lang='lat' dir='ltr'><strong>addicta</strong></span> <span class='ocrx_word' id='word_1_127' title='bbox 1424 2021 1515 2100; x_wconf 88' lang='lat' dir='ltr'><strong>fuisse,</strong></span> 
     </span>
     <span class='ocr_line' id='line_1_17' title="bbox 376 2131 1501 2217; baseline -0.007 -18"><span class='ocrx_word' id='word_1_128' title='bbox 376 2146 505 2200; x_wconf 89' lang='lat' dir='ltr'><strong>utnon</strong></span> <span class='ocrx_word' id='word_1_129' title='bbox 527 2131 690 2198; x_wconf 88' lang='lat' dir='ltr'><strong>abstinere</strong></span> <span class='ocrx_word' id='word_1_130' title='bbox 714 2155 842 2217; x_wconf 91' lang='lat' dir='ltr'><strong>quoque</strong></span> <span class='ocrx_word' id='word_1_131' title='bbox 863 2133 973 2199; x_wconf 79' lang='lat' dir='ltr'><strong>labore</strong></span> <span class='ocrx_word' id='word_1_132' title='bbox 994 2133 1048 2199; x_wconf 92' lang='lat' dir='ltr'><strong>his</strong></span> <span class='ocrx_word' id='word_1_133' title='bbox 1071 2135 1187 2199; x_wconf 91' lang='lat' dir='ltr'><strong>diebus</strong></span> <span class='ocrx_word' id='word_1_134' title='bbox 1210 2133 1273 2199; x_wconf 85' lang='lat' dir='ltr'><strong>off</strong></span> <span class='ocrx_word' id='word_1_135' title='bbox 1275 2134 1400 2200; x_wconf 86' lang='lat' dir='ltr'><strong>icium</strong></span> <span class='ocrx_word' id='word_1_136' title='bbox 1421 2139 1501 2196; x_wconf 83' lang='lat' dir='ltr'><strong>esset.</strong></span> 
     </span>
    </p>

    <p class='ocr_par' dir='ltr' id='par_1_4' title="bbox 377 2238 1520 2434">
     <span class='ocr_line' id='line_1_18' title="bbox 464 2238 1517 2325; baseline -0.007 -19"><span class='ocrx_word' id='word_1_137' title='bbox 464 2240 591 2325; x_wconf 80' lang='lat' dir='ltr'><strong>Jesaje</strong></span> <span class='ocrx_word' id='word_1_138' title='bbox 617 2241 801 2325; x_wconf 80' lang='lat'><strong>(1,13.14)</strong></span> <span class='ocrx_word' id='word_1_139' title='bbox 832 2241 940 2322; x_wconf 89' lang='lat' dir='ltr'><strong>docet,</strong></span> <span class='ocrx_word' id='word_1_140' title='bbox 969 2244 1142 2308; x_wconf 85' lang='lat' dir='ltr'><strong>sabbatum</strong></span> <span class='ocrx_word' id='word_1_141' title='bbox 1169 2241 1273 2307; x_wconf 83' lang='lat' dir='ltr'><strong>fuisse</strong></span> <span class='ocrx_word' id='word_1_142' title='bbox 1305 2239 1392 2306; x_wconf 90' lang='lat' dir='ltr'><strong>diem</strong></span> <span class='ocrx_word' id='word_1_143' title='bbox 1418 2238 1517 2303; x_wconf 77' lang='lat' dir='ltr'><strong>desum</strong></span> 
     </span>
     <span class='ocr_line' id='line_1_19' title="bbox 377 2347 1520 2434; baseline -0.005 -22"><span class='ocrx_word' id='word_1_144' title='bbox 377 2369 447 2414; x_wconf 90' lang='lat' dir='ltr'><strong>non</strong></span> <span class='ocrx_word' id='word_1_145' title='bbox 468 2348 642 2434; x_wconf 82' lang='lat' dir='ltr'><strong>profanum</strong></span> <span class='ocrx_word' id='word_1_146' title='bbox 663 2348 721 2412; x_wconf 92' lang='lat' dir='ltr'><strong>sed</strong></span> <span class='ocrx_word' id='word_1_147' title='bbox 743 2347 886 2412; x_wconf 85' lang='lat' dir='ltr'><strong>Jehovee</strong></span> <span class='ocrx_word' id='word_1_148' title='bbox 907 2370 1034 2412; x_wconf 80' lang='lat' dir='ltr'><strong>socrum</strong></span> <span class='ocrx_word' id='word_1_149' title='bbox 1055 2347 1107 2412; x_wconf 92' lang='lat' dir='ltr'><strong>his</strong></span> <span class='ocrx_word' id='word_1_150' title='bbox 1129 2348 1249 2414; x_wconf 85' lang='lat' dir='ltr'><strong>verbis.</strong></span> <span class='ocrx_word' id='word_1_151' title='bbox 1297 2347 1431 2412; x_wconf 91' lang='lat' dir='ltr'><strong>Nolite</strong></span> <span class='ocrx_word' id='word_1_152' title='bbox 1450 2364 1520 2428; x_wconf 87' lang='lat' dir='ltr'><strong>per-</strong></span> 
     </span>
    </p>
   </div>
   <div class='ocr_carea' id='block_1_3' title="bbox 279 2452 1519 2541">
    <p class='ocr_par' dir='ltr' id='par_1_5' title="bbox 279 2452 1519 2541">
     <span class='ocr_line' id='line_1_20' title="bbox 279 2452 1519 2541; baseline -0.008 -20"><span class='ocrx_word' id='word_1_153' title='bbox 279 2468 284 2472; x_wconf 83' lang='grc'><strong>’</strong></span> <span class='ocrx_word' id='word_1_154' title='bbox 379 2477 475 2541; x_wconf 88' lang='lat' dir='ltr'><strong>gere</strong></span> <span class='ocrx_word' id='word_1_155' title='bbox 499 2456 647 2520; x_wconf 91' lang='lat' dir='ltr'><strong>donum</strong></span> <span class='ocrx_word' id='word_1_156' title='bbox 669 2453 822 2520; x_wconf 83' lang='lat' dir='ltr'><strong>offerre</strong></span> <span class='ocrx_word' id='word_1_157' title='bbox 851 2476 1015 2536; x_wconf 89' lang='lat' dir='ltr'><strong>vanum,</strong></span> <span class='ocrx_word' id='word_1_158' title='bbox 1050 2452 1357 2520; x_wconf 81' lang='lat' dir='ltr'><strong>suffimentum</strong></span> <span class='ocrx_word' id='word_1_159' title='bbox 1375 2452 1519 2519; x_wconf 87' lang='lat' dir='ltr'><strong>foedum</strong></span> 
     </span>
    </p>
   </div>
   <div class='ocr_carea' id='block_1_4' title="bbox 378 2562 1599 4145">
    <p class='ocr_par' dir='ltr' id='par_1_6' title="bbox 378 2562 1599 4145">
     <span class='ocr_line' id='line_1_21' title="bbox 378 2562 1520 2643; baseline -0.008 -15"><span class='ocrx_word' id='word_1_160' title='bbox 378 2563 485 2628; x_wconf 91' lang='lat' dir='ltr'><strong>mihi</strong></span> <span class='ocrx_word' id='word_1_161' title='bbox 507 2573 583 2628; x_wconf 87' lang='lat' dir='ltr'><strong>est:</strong></span> <span class='ocrx_word' id='word_1_162' title='bbox 609 2582 715 2626; x_wconf 83' lang='lat' dir='ltr'><strong>nova</strong></span> <span class='ocrx_word' id='word_1_163' title='bbox 736 2562 837 2625; x_wconf 89' lang='lat' dir='ltr'><strong>luna</strong></span> <span class='ocrx_word' id='word_1_164' title='bbox 865 2572 903 2626; x_wconf 93' lang='lat' dir='ltr'><strong>et</strong></span> <span class='ocrx_word' id='word_1_165' title='bbox 925 2565 1159 2643; x_wconf 80' lang='lat' dir='ltr'><strong>sabbatum,</strong></span> <span class='ocrx_word' id='word_1_166' title='bbox 1191 2572 1420 2627; x_wconf 89' lang='lat' dir='ltr'><strong>conventus</strong></span> <span class='ocrx_word' id='word_1_167' title='bbox 1441 2577 1520 2622; x_wconf 90' lang='lat' dir='ltr'><strong>oon-</strong></span> 
     </span>
     <span class='ocr_line' id='line_1_22' title="bbox 378 2669 1521 2754; baseline -0.005 -22"><span class='ocrx_word' id='word_1_168' title='bbox 378 2680 611 2734; x_wconf 87' lang='lat' dir='ltr'><strong>vocatus-</strong></span> <span class='ocrx_word' id='word_1_169' title='bbox 633 2691 712 2733; x_wconf 91' lang='lat' dir='ltr'><strong>non</strong></span> <span class='ocrx_word' id='word_1_170' title='bbox 741 2690 902 2752; x_wconf 89' lang='lat' dir='ltr'><strong>possum</strong></span> <span class='ocrx_word' id='word_1_171' title='bbox 931 2669 1034 2734; x_wconf 81' lang='lat' dir='ltr'><strong>ferre</strong></span> <span class='ocrx_word' id='word_1_172' title='bbox 1062 2669 1330 2754; x_wconf 91' lang='lat' dir='ltr'><strong>impietatem</strong></span> <span class='ocrx_word' id='word_1_173' title='bbox 1359 2684 1521 2750; x_wconf 83' lang='lat' dir='ltr'><strong>conven-</strong></span> 
     </span>
     <span class='ocr_line' id='line_1_23' title="bbox 378 2773 1521 2859; baseline -0.008 -19"><span class='ocrx_word' id='word_1_174' title='bbox 378 2786 549 2859; x_wconf 89' lang='lat' dir='ltr'><strong>tumque</strong></span> <span class='ocrx_word' id='word_1_175' title='bbox 572 2773 827 2840; x_wconf 91' lang='lat' dir='ltr'><strong>sollemnem.</strong></span> <span class='ocrx_word' id='word_1_176' title='bbox 873 2775 972 2840; x_wconf 87' lang='lat' dir='ltr'><strong>Dies</strong></span> <span class='ocrx_word' id='word_1_177' title='bbox 995 2798 1127 2841; x_wconf 87' lang='lat' dir='ltr'><strong>novae</strong></span> <span class='ocrx_word' id='word_1_178' title='bbox 1153 2777 1281 2842; x_wconf 90' lang='lat' dir='ltr'><strong>lunae</strong></span> <span class='ocrx_word' id='word_1_179' title='bbox 1312 2785 1466 2841; x_wconf 87' lang='lat' dir='ltr'><strong>vestros</strong></span> <span class='ocrx_word' id='word_1_180' title='bbox 1491 2777 1521 2832; x_wconf 91' lang='lat' dir='ltr'><strong>et</strong></span> 
     </span>
     <span class='ocr_line' id='line_1_24' title="bbox 379 2874 1521 2965; baseline -0.011 -16"><span class='ocrx_word' id='word_1_181' title='bbox 379 2884 553 2949; x_wconf 82' lang='lat' dir='ltr'><strong>sabbate</strong></span> <span class='ocrx_word' id='word_1_182' title='bbox 576 2881 667 2947; x_wconf 90' lang='lat' dir='ltr'><strong>odit</strong></span> <span class='ocrx_word' id='word_1_183' title='bbox 688 2881 851 2946; x_wconf 86' lang='lat' dir='ltr'><strong>animus</strong></span> <span class='ocrx_word' id='word_1_184' title='bbox 872 2904 1003 2965; x_wconf 91' lang='lat' dir='ltr'><strong>meus,</strong></span> <span class='ocrx_word' id='word_1_185' title='bbox 1037 2883 1148 2948; x_wconf 82' lang='lat' dir='ltr'><strong>facte</strong></span> <span class='ocrx_word' id='word_1_186' title='bbox 1177 2895 1276 2949; x_wconf 91' lang='lat' dir='ltr'><strong>sunt</strong></span> <span class='ocrx_word' id='word_1_187' title='bbox 1304 2905 1409 2950; x_wconf 87' lang='lat' dir='ltr'><strong>onus</strong></span> <span class='ocrx_word' id='word_1_188' title='bbox 1435 2874 1521 2944; x_wconf 90' lang='lat' dir='ltr'><strong>mihi</strong></span> 
     </span>
     <span class='ocr_line' id='line_1_25' title="bbox 378 2987 1522 3076; baseline -0.007 -21"><span class='ocrx_word' id='word_1_189' title='bbox 378 2989 639 3075; x_wconf 90' lang='lat' dir='ltr'><strong>impositum,</strong></span> <span class='ocrx_word' id='word_1_190' title='bbox 665 2987 778 3053; x_wconf 87' lang='lat' dir='ltr'><strong>ferre</strong></span> <span class='ocrx_word' id='word_1_191' title='bbox 800 3010 860 3051; x_wconf 91' lang='lat' dir='ltr'><strong>me</strong></span> <span class='ocrx_word' id='word_1_192' title='bbox 881 2987 1010 3074; x_wconf 87' lang='lat' dir='ltr'><strong>piget.</strong></span> <span class='ocrx_word' id='word_1_193' title='bbox 1058 2991 1099 3054; x_wconf 95' lang='lat' dir='ltr'><strong>In</strong></span> <span class='ocrx_word' id='word_1_194' title='bbox 1122 2991 1244 3075; x_wconf 88' lang='lat' dir='ltr'><strong>templo</strong></span> <span class='ocrx_word' id='word_1_195' title='bbox 1266 2990 1370 3076; x_wconf 88' lang='lat' dir='ltr'><strong>igitur</strong></span> <span class='ocrx_word' id='word_1_196' title='bbox 1383 2987 1522 3054; x_wconf 88' lang='lat' dir='ltr'><strong>Hieroso-</strong></span> 
     </span>
     <span class='ocr_line' id='line_1_26' title="bbox 378 3096 1522 3182; baseline -0.007 -21"><span class='ocrx_word' id='word_1_197' title='bbox 378 3097 537 3182; x_wconf 79' lang='lat' dir='ltr'><strong>lymiteno</strong></span> <span class='ocrx_word' id='word_1_198' title='bbox 559 3097 694 3178; x_wconf 78' lang='lat' dir='ltr'><strong>sabbato</strong></span> <span class='ocrx_word' id='word_1_199' title='bbox 716 3096 755 3159; x_wconf 92' lang='lat' dir='ltr'><strong>fit</strong></span> <span class='ocrx_word' id='word_1_200' title='bbox 776 3106 955 3160; x_wconf 85' lang='lat' dir='ltr'><strong>conventus</strong></span> <span class='ocrx_word' id='word_1_201' title='bbox 984 3097 1154 3180; x_wconf 85' lang='lat' dir='ltr'><strong>eeclesiae,</strong></span> <span class='ocrx_word' id='word_1_202' title='bbox 1190 3100 1366 3164; x_wconf 89' lang='lat' dir='ltr'><strong>sabbatum</strong></span> <span class='ocrx_word' id='word_1_203' title='bbox 1394 3096 1459 3160; x_wconf 93' lang='lat' dir='ltr'><strong>dies</strong></span> <span class='ocrx_word' id='word_1_204' title='bbox 1483 3098 1522 3154; x_wconf 89' lang='lat' dir='ltr'><strong>est</strong></span> 
     </span>
     <span class='ocr_line' id='line_1_27' title="bbox 378 3199 1599 3292; baseline -0.009 -22"><span class='ocrx_word' id='word_1_205' title='bbox 378 3203 523 3270; x_wconf 87' lang='lat' dir='ltr'><strong>Jehovae</strong></span> <span class='ocrx_word' id='word_1_206' title='bbox 544 3204 659 3268; x_wconf 82' lang='lat' dir='ltr'><strong>festus.</strong></span> <span class='ocrx_word' id='word_1_207' title='bbox 705 3201 808 3266; x_wconf 87' lang='lat' dir='ltr'><strong>Haud</strong></span> <span class='ocrx_word' id='word_1_208' title='bbox 830 3202 928 3267; x_wconf 91' lang='lat' dir='ltr'><strong>dubie</strong></span> <span class='ocrx_word' id='word_1_209' title='bbox 956 3203 1004 3267; x_wconf 94' lang='lat' dir='ltr'><strong>ibi</strong></span> <span class='ocrx_word' id='word_1_210' title='bbox 1026 3204 1266 3284; x_wconf 85' lang='lat' dir='ltr'><strong>immolabatur,</strong></span> <span class='ocrx_word' id='word_1_211' title='bbox 1299 3215 1333 3270; x_wconf 93' lang='lat' dir='ltr'><strong>et</strong></span> <span class='ocrx_word' id='word_1_212' title='bbox 1354 3213 1438 3269; x_wconf 88' lang='lat' dir='ltr'><strong>certe</strong></span> <span class='ocrx_word' id='word_1_213' title='bbox 1456 3199 1522 3262; x_wconf 82' lang='lat' dir='ltr'><strong>haer</strong></span> <span class='ocrx_word' id='word_1_214' title='bbox 1598 3285 1599 3292; x_wconf 8' lang='grc' dir='ltr'>ἵ</span> 
     </span>
     <span class='ocr_line' id='line_1_28' title="bbox 378 3305 1522 3398; baseline -0.009 -21"><span class='ocrx_word' id='word_1_215' title='bbox 378 3315 451 3398; x_wconf 91' lang='lat' dir='ltr'><strong>ipsa</strong></span> <span class='ocrx_word' id='word_1_216' title='bbox 472 3333 562 3377; x_wconf 80' lang='lat' dir='ltr'><strong>sacre</strong></span> <span class='ocrx_word' id='word_1_217' title='bbox 583 3308 750 3376; x_wconf 85' lang='lat' dir='ltr'><strong>sabbatica</strong></span> <span class='ocrx_word' id='word_1_218' title='bbox 773 3319 850 3374; x_wconf 93' lang='lat' dir='ltr'><strong>sunt</strong></span> <span class='ocrx_word' id='word_1_219' title='bbox 872 3307 916 3391; x_wconf 92' lang='lat' dir='ltr'><strong>id,</strong></span> <span class='ocrx_word' id='word_1_220' title='bbox 942 3311 1029 3392; x_wconf 94' lang='lat' dir='ltr'><strong>quod</strong></span> <span class='ocrx_word' id='word_1_221' title='bbox 1049 3311 1173 3377; x_wconf 87' lang='lat' dir='ltr'><strong>Jehova</strong></span> <span class='ocrx_word' id='word_1_222' title='bbox 1187 3325 1323 3398; x_wconf 85' lang='lat' dir='ltr'><strong>propter</strong></span> <span class='ocrx_word' id='word_1_223' title='bbox 1337 3305 1522 3378; x_wconf 84' lang='lat' dir='ltr'><strong>offerentium</strong></span> 
     </span>
     <span class='ocr_line' id='line_1_29' title="bbox 378 3411 1522 3504; baseline -0.006 -21"><span class='ocrx_word' id='word_1_224' title='bbox 378 3419 622 3504; x_wconf 86' lang='lat' dir='ltr'><strong>improbitatem</strong></span> <span class='ocrx_word' id='word_1_225' title='bbox 643 3439 711 3482; x_wconf 88' lang='lat' dir='ltr'><strong>non</strong></span> <span class='ocrx_word' id='word_1_226' title='bbox 734 3415 874 3501; x_wconf 91' lang='lat' dir='ltr'><strong>amplius</strong></span> <span class='ocrx_word' id='word_1_227' title='bbox 896 3415 968 3480; x_wconf 90' lang='lat' dir='ltr'><strong>vult</strong></span> <span class='ocrx_word' id='word_1_228' title='bbox 990 3418 1147 3504; x_wconf 81' lang='lat' dir='ltr'><strong>occipere.</strong></span> <span class='ocrx_word' id='word_1_229' title='bbox 1194 3419 1336 3484; x_wconf 91' lang='lat' dir='ltr'><strong>Minime</strong></span> <span class='ocrx_word' id='word_1_230' title='bbox 1365 3438 1437 3482; x_wconf 85' lang='lat' dir='ltr'><strong>vero</strong></span> <span class='ocrx_word' id='word_1_231' title='bbox 1459 3411 1522 3476; x_wconf 83' lang='lat' dir='ltr'><strong>licet</strong></span> 
     </span>
     <span class='ocr_line' id='line_1_30' title="bbox 379 3523 1521 3611; baseline -0.004 -24"><span class='ocrx_word' id='word_1_232' title='bbox 379 3535 504 3609; x_wconf 88' lang='lat' dir='ltr'><strong>putare,</strong></span> <span class='ocrx_word' id='word_1_233' title='bbox 522 3524 665 3608; x_wconf 84' lang='lat' dir='ltr'><strong>Jesejam</strong></span> <span class='ocrx_word' id='word_1_234' title='bbox 686 3523 791 3588; x_wconf 91' lang='lat' dir='ltr'><strong>otium</strong></span> <span class='ocrx_word' id='word_1_235' title='bbox 812 3523 1014 3588; x_wconf 87' lang='lat' dir='ltr'><strong>sabbaticum</strong></span> <span class='ocrx_word' id='word_1_236' title='bbox 1036 3547 1062 3589; x_wconf 93' lang='lat' dir='ltr'><strong>s.</strong></span> <span class='ocrx_word' id='word_1_237' title='bbox 1086 3525 1159 3611; x_wconf 87' lang='lat' dir='ltr'><strong>lege</strong></span> <span class='ocrx_word' id='word_1_238' title='bbox 1182 3549 1208 3591; x_wconf 87' lang='lat' dir='ltr'><strong>s.</strong></span> <span class='ocrx_word' id='word_1_239' title='bbox 1234 3550 1325 3592; x_wconf 90' lang='lat' dir='ltr'><strong>more</strong></span> <span class='ocrx_word' id='word_1_240' title='bbox 1347 3527 1521 3610; x_wconf 81' lang='lat' dir='ltr'><strong>imperatum</strong></span> 
     </span>
     <span class='ocr_line' id='line_1_31' title="bbox 380 3623 1519 3717; baseline 0.004 -24"><span class='ocrx_word' id='word_1_241' title='bbox 380 3630 529 3716; x_wconf 87' lang='lat' dir='ltr'><strong>ignorare</strong></span> <span class='ocrx_word' id='word_1_242' title='bbox 561 3643 618 3695; x_wconf 90' lang='lat' dir='ltr'><strong>aut</strong></span> <span class='ocrx_word' id='word_1_243' title='bbox 651 3642 870 3696; x_wconf 90' lang='lat' dir='ltr'><strong>contemnere.</strong></span> <span class='ocrx_word' id='word_1_244' title='bbox 927 3630 1223 3698; x_wconf 86' lang='lat' dir='ltr'><strong>Wellhausen¹</strong></span> <span class='ocrx_word' id='word_1_245' title='bbox 1264 3633 1397 3717; x_wconf 91' lang='lat' dir='ltr'><strong>quidem</strong></span> <span class='ocrx_word' id='word_1_246' title='bbox 1426 3623 1519 3714; x_wconf 70' lang='lat' dir='ltr'><strong>ponib</strong></span> 
     </span>
     <span class='ocr_line' id='line_1_32' title="bbox 380 3733 1518 3820; baseline 0 -20"><span class='ocrx_word' id='word_1_247' title='bbox 380 3735 523 3820; x_wconf 87' lang='lat' dir='ltr'><strong>Jesajam</strong></span> <span class='ocrx_word' id='word_1_248' title='bbox 544 3735 610 3801; x_wconf 90' lang='lat' dir='ltr'><strong>illis</strong></span> <span class='ocrx_word' id='word_1_249' title='bbox 631 3737 738 3802; x_wconf 90' lang='lat' dir='ltr'><strong>verbis</strong></span> <span class='ocrx_word' id='word_1_250' title='bbox 762 3738 869 3802; x_wconf 89' lang='lat' dir='ltr'><strong>dicere</strong></span> <span class='ocrx_word' id='word_1_251' title='bbox 891 3739 1062 3803; x_wconf 78' lang='lat' dir='ltr'><strong>sabbatum</strong></span> <span class='ocrx_word' id='word_1_252' title='bbox 1083 3761 1171 3804; x_wconf 88' lang='lat' dir='ltr'><strong>mere</strong></span> <span class='ocrx_word' id='word_1_253' title='bbox 1200 3735 1404 3806; x_wconf 86' lang='lat' dir='ltr'><strong>sacrificandi</strong></span> <span class='ocrx_word' id='word_1_254' title='bbox 1431 3733 1518 3799; x_wconf 87' lang='lat' dir='ltr'><strong>diem:</strong></span> 
     </span>
     <span class='ocr_line' id='line_1_33' title="bbox 381 3841 1521 3932; baseline -0.003 -25"><span class='ocrx_word' id='word_1_255' title='bbox 381 3842 502 3907; x_wconf 87' lang='lat' dir='ltr'><strong>rectius</strong></span> <span class='ocrx_word' id='word_1_256' title='bbox 524 3841 655 3917; x_wconf 86' lang='lat' dir='ltr'><strong>diceret,</strong></span> <span class='ocrx_word' id='word_1_257' title='bbox 687 3843 925 3928; x_wconf 90' lang='lat' dir='ltr'><strong>vituperari</strong></span> <span class='ocrx_word' id='word_1_258' title='bbox 953 3847 1124 3910; x_wconf 78' lang='lat' dir='ltr'><strong>sabbatum</strong></span> <span class='ocrx_word' id='word_1_259' title='bbox 1153 3847 1353 3932; x_wconf 88' lang='lat' dir='ltr'><strong>apropheta</strong></span> <span class='ocrx_word' id='word_1_260' title='bbox 1382 3845 1521 3910; x_wconf 78' lang='lat' dir='ltr'><strong>duntaxat</strong></span> 
     </span>
     <span class='ocr_line' id='line_1_34' title="bbox 379 3944 1521 4040; baseline 0 -27"><span class='ocrx_word' id='word_1_261' title='bbox 379 3961 419 4014; x_wconf 89' lang='lat' dir='ltr'><strong>ut</strong></span> <span class='ocrx_word' id='word_1_262' title='bbox 433 3949 521 4013; x_wconf 91' lang='lat' dir='ltr'><strong>diem</strong></span> <span class='ocrx_word' id='word_1_263' title='bbox 536 3947 751 4012; x_wconf 86' lang='lat' dir='ltr'><strong>sacrificandi.</strong></span> <span class='ocrx_word' id='word_1_264' title='bbox 781 3950 906 4027; x_wconf 91' lang='lat' dir='ltr'><strong>Otium,</strong></span> <span class='ocrx_word' id='word_1_265' title='bbox 925 3973 988 4036; x_wconf 91' lang='lat' dir='ltr'><strong>quo</strong></span> <span class='ocrx_word' id='word_1_266' title='bbox 1003 3955 1175 4018; x_wconf 81' lang='lat' dir='ltr'><strong>sabbatum</strong></span> <span class='ocrx_word' id='word_1_267' title='bbox 1190 3953 1456 4040; x_wconf 86' lang='lat' dir='ltr'><strong>distinguendum</strong></span> <span class='ocrx_word' id='word_1_268' title='bbox 1465 3944 1521 4030; x_wconf 77' lang='lat' dir='ltr'><strong>jam</strong></span> 
     </span>
     <span class='ocr_line' id='line_1_35' title="bbox 383 4053 1518 4145; baseline -0.004 -26"><span class='ocrx_word' id='word_1_269' title='bbox 383 4066 454 4118; x_wconf 92' lang='lat' dir='ltr'><strong>tum</strong></span> <span class='ocrx_word' id='word_1_270' title='bbox 487 4053 647 4119; x_wconf 90' lang='lat' dir='ltr'><strong>creditum</strong></span> <span class='ocrx_word' id='word_1_271' title='bbox 680 4075 749 4119; x_wconf 87' lang='lat' dir='ltr'><strong>esse</strong></span> <span class='ocrx_word' id='word_1_272' title='bbox 784 4067 928 4139; x_wconf 87' lang='lat' dir='ltr'><strong>constat,</strong></span> <span class='ocrx_word' id='word_1_273' title='bbox 964 4081 1096 4124; x_wconf 89' lang='lat' dir='ltr'><strong>necesse</strong></span> <span class='ocrx_word' id='word_1_274' title='bbox 1130 4069 1179 4125; x_wconf 92' lang='lat' dir='ltr'><strong>est</strong></span> <span class='ocrx_word' id='word_1_275' title='bbox 1214 4060 1357 4145; x_wconf 88' lang='lat' dir='ltr'><strong>Jesajam</strong></span> <span class='ocrx_word' id='word_1_276' title='bbox 1393 4053 1518 4121; x_wconf 82' lang='lat' dir='ltr'><strong>novisse:</strong></span> 
     </span>
    </p>
   </div>
   <div class='ocr_carea' id='block_1_5' title="bbox 384 4158 1519 4356">
    <p class='ocr_par' dir='ltr' id='par_1_7' title="bbox 384 4158 1519 4356">
     <span class='ocr_line' id='line_1_36' title="bbox 384 4158 1519 4251; baseline -0.004 -28"><span class='ocrx_word' id='word_1_277' title='bbox 384 4181 484 4242; x_wconf 92' lang='lat' dir='ltr'><strong>quum</strong></span> <span class='ocrx_word' id='word_1_278' title='bbox 505 4181 574 4225; x_wconf 89' lang='lat' dir='ltr'><strong>non</strong></span> <span class='ocrx_word' id='word_1_279' title='bbox 596 4158 766 4245; x_wconf 90' lang='lat' dir='ltr'><strong>vituperet,</strong></span> <span class='ocrx_word' id='word_1_280' title='bbox 792 4161 1056 4246; x_wconf 86' lang='lat' dir='ltr'><strong>existimandum,</strong></span> <span class='ocrx_word' id='word_1_281' title='bbox 1089 4165 1123 4230; x_wconf 94' lang='lat' dir='ltr'><strong>id</strong></span> <span class='ocrx_word' id='word_1_282' title='bbox 1146 4165 1210 4251; x_wconf 92' lang='lat' dir='ltr'><strong>ipsi</strong></span> <span class='ocrx_word' id='word_1_283' title='bbox 1231 4190 1300 4232; x_wconf 93' lang='lat' dir='ltr'><strong>non</strong></span> <span class='ocrx_word' id='word_1_284' title='bbox 1323 4159 1519 4251; x_wconf 88' lang='lat' dir='ltr'><strong>displicuisse.</strong></span> 
     </span>
     <span class='ocr_line' id='line_1_37' title="bbox 453 4291 662 4356; baseline 0.014 -12"><span class='ocrx_word' id='word_1_285' title='bbox 453 4295 475 4356; x_wconf 89' lang='grc'><strong>1)</strong></span> <span class='ocrx_word' id='word_1_286' title='bbox 497 4291 516 4347; x_wconf 91' lang='lat' dir='ltr'><strong>l.</strong></span> <span class='ocrx_word' id='word_1_287' title='bbox 535 4291 556 4346; x_wconf 92' lang='lat' dir='ltr'><strong>l.</strong></span> <span class='ocrx_word' id='word_1_288' title='bbox 576 4291 662 4347; x_wconf 77' lang='lat'><strong>1118.</strong></span> 
     </span>
    </p>
   </div>
   <div class='ocr_carea' id='block_1_6' title="bbox 0 0 1646 5130">
    <p class='ocr_par' dir='ltr' id='par_1_8' title="bbox 0 0 1646 5130">
     <span class='ocr_line' id='line_1_38' title="bbox 0 0 1646 5130; baseline 0 0"><span class='ocrx_word' id='word_1_289' title='bbox 0 0 1646 5130; x_wconf 95' lang='lat' dir='ltr'><strong> </strong></span> 
     </span>
    </p>
   </div>
  </div>
 </body>
</html>
