3310 5126
821 345 1148 466 -as-'q

345 554 436 636 deus)
464 553 602 618 omissus
626 564 658 618 et
680 557 777 635 liter,
805 554 860 618 cui
882 555 970 620 Betis
992 566 1043 620 est
1064 554 1229 640 adjuncta,
1255 555 1291 620 in
1313 559 1379 621 fine
1401 557 1508 641 posita

345 671 403 725 est
459 661 686 726 Schrader¹
717 661 861 746 quinque
893 664 971 728 deos
998 673 1175 748 postremos
1201 663 1365 748 judicavit
1393 665 1509 750 plene-

344 777 451 832 tarum
473 769 551 833 deos
574 790 656 834 esse.
702 771 795 838 Quae
818 770 1000 852 sententia,
1033 770 1093 834 etsi
1114 770 1241 834 nemini
1268 771 1371 857 possit
1393 773 1510 858 displi-

347 898 435 957 cere,
469 885 579 940 tamcn
603 899 658 960 eo,
694 877 780 961 quod
801 879 901 958 ldtar,
929 879 1062 963 Nerpcl,
1089 878 1203 943 Nasica
1233 878 1281 943 dii
1302 880 1509 964 planetarum

345 993 439 1064 sunt,
464 1006 532 1048 non
555 984 633 1048 satis
662 986 821 1050 firmatur.
868 985 1031 1068 Equidem
1061 987 1156 1051 credo
1186 991 1415 1070 numeros2,
1451 989 1509 1071 qui

345 1090 408 1155 diis
431 1090 486 1154 hic
500 1092 736 1174 attribuuntur,
763 1092 939 1178 diligenter
960 1093 1211 1179 circumspectos
1227 1096 1350 1173 docere,
1378 1097 1509 1159 Lunam

346 1207 379 1261 et
402 1197 510 1262 Solem
533 1211 566 1264 et
588 1201 733 1284 quinque
756 1201 829 1266 illos
853 1201 929 1266 deos
952 1223 1026 1266 vere
1052 1202 1153 1266 fuisse
1182 1202 1258 1267 deos
1288 1202 1506 1288 planetarum,

346 1306 433 1388 quod
454 1306 605 1390 pluribus
627 1308 709 1371 mihi
732 1308 840 1372 verbis
864 1312 1094 1394 exponendum
1117 1321 1177 1375 est.

432 1414 564 1498 Septem
586 1416 672 1497 deos,
700 1439 780 1499 quos
802 1416 944 1501 planetis
965 1419 1142 1503 praefectos
1164 1418 1266 1484 fuisse
1289 1417 1503 1504 suspicamur,

345 1520 457 1604 aliquo¹
488 1525 584 1588 modo
618 1547 637 1588 a
670 1523 784 1588 ceteris
818 1523 990 1590 distinctos
1019 1526 1138 1610 fuisse,
1171 1527 1234 1592 hoc
1268 1527 1509 1592 demonstratur

345 1627 485 1693 calculo:

513 1741 589 1802 Anu
612 1747 651 1803 60
808 1740 866 1805 Sin
973 1748 1013 1803 30
1039 1753 1042 1757 ’
1168 1743 1297 1805 Reman
1321 1749 1350 1804 6.

516 1847 581 1909 Ba
614 1853 653 1909 50
809 1830 925 1913 damas
975 1855 1015 1911 20

809 1956 952 2021 Mardals
978 1955 1034 2020 11'

808 2063 897 2124 [tter
977 2067 1013 2122 15

810 2167 913 2234 Niaed
975 2175 1012 2230 50

809 2275 935 2361 Nerpcl
976 2283 1013 2339 14

672 2381 780 2468 (aicit)
808 2383 922 2447 Naarda
976 2391 1013 2445 10

914 2475 1081 2560 Ῑῦῖ,

434 2603 546 2670 Quum
569 2603 658 2666 enim
681 2625 722 2666 ex
735 2604 881 2668 numeris
897 2604 1032 2669 deorum
1047 2603 1129 2669 coeli
1150 2605 1259 2692 (Anni,
1286 2612 1389 2666 terrae
1411 2603 1506 2685 (Bel),
1549 2673 1552 2681 ι

347 2730 449 2790 aquae
466 2731 518 2772 ‹ac
545 2709 701 2793 profundi
728 2695 800 2794 (Ea)
825 2734 959 2820 pumma
987 2713 1045 2776 fiat
1069 2713 1142 2792 CL,
1176 2712 1354 2793 eademque
1383 2731 1511 2774 summa

347 2838 389 2880 ex
403 2817 550 2880 numeris
571 2817 704 2881 deorum
719 2818 787 2899 Sin,
807 2822 932 2900 Samae,
952 2820 1103 2899 Mardak,
1123 2816 1228 2900 liter„
1242 2818 1355 2898 Nineb,
1374 2818 1507 2902 Νένραῐ,

355 2925 467 3008 (citit)
489 2923 611 3005 Nurac,
638 2947 704 2988 non
730 2926 854 3007 dubito,
883 2927 964 3010 quin
985 2927 1047 2992 hae
1069 2926 1136 2991 sint
1159 2929 1243 2990 duae
1258 2927 1393 2989 deorum
1407 2924 1511 3008 majo-

347 3054 420 3095 rum
443 3033 573 3097 classes.
621 3035 768 3113 Reman,
801 3035 881 3099 deus
909 3035 991 3100 a'c‘ris
1023 3044 1055 3098 et
1084 3033 1305 3118 tempestatis,
1331 3031 1419 3098 solus
1449 3042 1508 3113 est,

347 3161 485 3204 numero
508 3139 684 3205 distinctus
706 3141 776 3224 pari
799 3143 1088 3228 quinquagesimae
1109 3143 1196 3227 parti
1219 3163 1364 3206 summae
1387 3149 1511 3204 cetero-

347 3270 420 3311 rum
443 3248 602 3312 omnium.
649 3248 702 3312 Illi
726 3260 851 3334 septem
874 3251 922 3314 dii
943 3250 1040 3315 facile
1064 3250 1143 3313 duas
1165 3250 1202 3312 in
1223 3258 1331 3333 partes
1355 3248 1512 3312 dividun-

347 3365 411 3432 tur,
439 3378 575 3439 quarum
605 3356 776 3440 utriusque
806 3380 933 3429 summa
961 3359 1089 3424 LXXV
1119 3367 1178 3422 est.
1233 3357 1379 3421 Alterius
1408 3357 1511 3440 partis

348 3463 440 3546 quasi
462 3464 614 3549 princeps
635 3474 685 3572 est
707 3464 828 3545 Nisae,
856 3465 949 3550 cujus
971 3466 1176 3540 numerusL
1200 3476 1265 3546 est,
1301 3464 1394 3528 alteri
1417 3486 1512 3548 prae·

348 3579 426 3637 sunt
458 3571 519 3636 Sin
553 3582 586 3636 et
617 3569 734 3636 Scmaezs'
768 3573 856 3657 [luna
889 3586 921 3640 et
956 3574 1036 3656 sol),
1078 3573 1135 3656 qui
1169 3571 1337 3658 conjuncti
1370 3572 1512 3636 eundem

326 3757 328 3762 Ι
346 3699 522 3742 numerum
536 3678 674 3743 habent.
701 3680 743 3744 iis
759 3691 792 3746 et
806 3682 938 3746 Ninebc
961 3691 1140 3745 ceterorum
1156 3681 1290 3745 deorum
1305 3679 1388 3761 bini,
1403 3679 1512 3766 jugati

347 3807 522 3849 numerum
532 3787 634 3850 XXV
647 3787 843 3870 efficientes,¹
853 3788 1054 3873 aggregandi
1065 3798 1157 3853 sunt:
1178 3789 1319 3853 Marduk
1331 3797 1364 3852 et
1375 3788 1508 3871 Ndrqcl,

419 4011 430 4061 1
459 4007 509 4063 l.l.
530 4013 589 4065 337.

418 4014 442 4160 2i
462 4096 579 4152 Numeri
597 4095 710 4152 deorum
721 4099 793 4162 Anu,
815 4073 918 4163 damari,
940 4098 997 4164 ain,
1014 4100 1144 4164 Mardus,
1160 4092 1238 4153 Idtar
1256 4097 1368 4152 nonita
1386 4113 1447 4152 raro
1466 4096 1512 4151 in-

348 4180 504 4248 veniuntur,
526 4190 631 4238 ceteros
648 4182 702 4237 iste
719 4189 828 4238 tantum
845 4183 939 4239 tabule
962 4183 1054 4239 habet.
1073 4183 1176 4254 erigo
1203 4201 1297 4239 eorum
1320 4183 1410 4237 adhuc
1432 4181 1510 4237 latet.

348 4266 443 4321 Lunae
462 4285 591 4324 numerus
604 4269 687 4322 XXX
706 4286 765 4325 esse
783 4269 901 4335 videtur,
924 4271 998 4341 quod
1010 4269 1113 4324 mensis
1125 4269 1231 4324 lumris
1243 4270 1390 4342 synodicus
1403 4269 1512 4340 saepius

348 4351 432 4407 XXX
451 4352 510 4409 dies
528 4355 659 4410 continet.
