3276 5130
834 345 1047 407 ..58-

361 515 412 579 III
428 516 459 578 R
476 523 514 578 56
533 515 591 578 Nr.
610 521 627 575 4
652 513 686 577 id
709 513 840 596 quidem
863 513 992 577 videtur
1021 511 1218 597 explicatum
1247 513 1360 591 fuisse,
1394 512 1451 576 sed
1479 533 1520 574 ea
1545 603 1550 615 x

360 622 429 707 ipsa
451 621 581 687 tabulae
603 643 688 706 pars,
713 619 748 683 in
764 643 828 704 qua
843 619 1093 705 explicationem
1115 620 1268 704 scriptam
1289 619 1388 684 fuisse
1410 619 1521 704 suspi-

360 751 423 811 cor,
449 729 547 814 prohl
574 729 680 793 deleta
702 738 761 794 est.

446 855 573 919 Rursus
595 864 776 918 memoratu
798 853 936 938 dignum
959 862 1018 935 est,
1044 852 1183 936 ,kaput
1205 853 1257 936 [τε
1272 850 1308 914 lo·
1328 851 1458 931 „locus“
1476 859 1520 928 -l-

359 961 422 1045 lul)
449 962 584 1027 Assurb.
603 963 669 1026 VII
690 967 725 1024 15
748 961 819 1025 fieri
841 982 933 1046 posse
955 971 994 1024 ut
1014 960 1179 1045 significet
1209 959 1338 1039 „locum
1361 958 1518 1042 quietis“.

359 1069 488 1134 Deinde
511 1091 586 1132 vero
608 1067 704 1133 nobis
726 1078 776 1133 est
797 1069 1032 1153 reputandum,
1059 1067 1159 1130 fuisse
1182 1067 1262 1149 dies,
1289 1067 1406 1150 quibus
1428 1067 1520 1151 apud

359 1177 508 1262 Assyrios
523 1199 644 1242 nomen
660 1185 744 1240 esset
760 1174 897 1258 dadano,
924 1177 1011 1259 quod
1026 1175 1096 1239 sine
1118 1175 1186 1239 ulla
1201 1175 1405 1240 dubitatione
1427 1174 1520 1238 idem

358 1283 402 1348 sit
431 1293 527 1367 atque
558 1277 630 1374 ἣξιῤ
659 1286 900 1365 Hebraeorum,
934 1281 1084 1368 Assyrios
1106 1293 1216 1346 autem
1239 1305 1315 1348 sane
1337 1305 1405 1347 non
1434 1281 1518 1346 alios

358 1392 428 1457 dies
442 1392 507 1457 nisi
522 1415 602 1476 quos
618 1385 762 1456 diximus
776 1391 822 1455 ita
844 1390 1042 1472 distinxisse,
1068 1400 1106 1454 ut
1127 1393 1353 1456 Hebraeorum
1374 1388 1518 1454 sabbatis

357 1501 483 1586 possint
511 1499 701 1585 comparari.
747 1499 861 1583 Itaque
883 1499 960 1564 licet
988 1499 1178 1583 conjectare,
1212 1499 1285 1564 illos
1313 1497 1381 1562 dies
1415 1496 1515 1561 fixisse

358 1630 424 1690 eos,
449 1608 567 1692 quibus
589 1629 710 1672 nomen
731 1617 801 1672 erat
823 1604 965 1672 debelto:
993 1603 1120 1671 ἔαόαιιιι
1141 1617 1251 1671 autem
1279 1605 1454 1692 significat,
1478 1613 1514 1668 ut

357 1738 454 1801 supra
476 1726 762 1782 commemoratum
785 1725 843 1796 est,
871 1714 979 1793 „diem
1001 1714 1119 1798 quietis
1141 1715 1276 1796 cordis“,
1303 1736 1379 1800 ergo
1401 1712 1511 1778 verisi-

358 1823 435 1887 mile
459 1833 519 1906 est,
545 1823 611 1888 otio
634 1823 707 1888 illos
730 1823 799 1888 dies
822 1822 923 1887 fuisse
946 1823 1124 1888 destinatos
1148 1822 1242 1906 eique
1264 1821 1400 1886 minime
1416 1820 1512 1884 tristi.

358 1932 443 1994 Nam
466 1931 570 1996 otium
593 1931 726 2015 quidem
747 1931 856 2016 potuit
876 1931 1029 2016 imperari
1052 1931 1180 2012 timore,
1205 1952 1247 1994 ne
1269 1930 1356 2014 quod
1379 1927 1432 1992 die
1448 1950 1516 1992 non

357 2038 464 2103 fausto
487 2038 610 2103 factum
633 2049 735 2120 esset,
760 2039 845 2102 male
873 2040 1016 2120 caderet,
1049 2037 1190 2103 cordis
1219 2058 1295 2101 vero
1326 2035 1417 2120 quies
1447 2057 1517 2100 non

356 2145 464 2230 potuit
485 2145 575 2211 nasci
596 2146 662 2211 nisi
685 2146 800 2231 expia
823 2146 889 2211 diei
910 2131 1009 2211 fausti
1032 2155 1064 2210 et
1084 2146 1190 2211 felicis
1211 2145 1469 2210 observatione¹.

442 2271 515 2335 Jam
538 2269 686 2336 videmus
709 2271 782 2352 illa,
816 2293 898 2354 quae
920 2294 1016 2357 supra
1037 2270 1247 2335 tractavimus
1269 2268 1387 2349 vetita,
1413 2289 1455 2332 ex
1476 2289 1517 2331 eo

355 2377 498 2462 profecta
521 2399 591 2441 esse
613 2377 766 2459 consilio,
798 2400 841 2442 ne
871 2379 975 2444 otium
1004 2377 1090 2464 regis
1120 2387 1154 2442 et
1182 2377 1383 2442 sacerdotum
1411 2376 1517 2440 inter-

356 2495 571 2569 rumperetur.
625 2485 767 2570 Reliqua
796 2487 825 2550 si
854 2486 1123 2571 spectaverimus,
1155 2507 1352 2570 quamquam
1380 2484 1515 2568 penitus

355 2592 538 2678 intelligere
560 2593 668 2657 adhuc
689 2616 757 2658 non
778 2616 962 2678 possumus,
989 2604 1098 2659 tamen
1121 2592 1297 2657 verisimile
1312 2591 1406 2657 nobis
1421 2591 1516 2656 vide·
1616 2639 1617 2661 ι

355 2700 459 2779 bitur,
497 2700 538 2764 iis
570 2700 703 2785 negotia
736 2701 778 2764 ad
807 2723 876 2764 rem
908 2701 1074 2784 publicam
1105 2700 1282 2786 regendam
1313 2699 1516 2785 pertinentia

356 2806 520 2871 interdici.
581 2807 770 2893 „Regaliter
802 2807 912 2891 loqui“
944 2807 1111 2892 probabile
1145 2817 1194 2872 est
1225 2807 1410 2892 significare
1441 2807 1515 2891 „jus

356 2914 482 2978 dicere“
505 2915 557 2978 vel
581 2916 642 2993 „ad
665 2914 864 2996 colloquium
886 2914 973 2978 cives
995 2916 1198 2997 admittere“‚
1223 2913 1302 2982 as'or
1317 2913 1415 2998 puzra'
1434 2936 1516 2979 con-

355 3021 445 3085 clave
467 3033 642 3104 secretum,
668 3023 703 3086 in
727 3043 789 3105 quo
812 3021 949 3087 consilia
969 3022 1174 3087 habebantur
1197 3023 1249 3088 vel
1270 3045 1360 3088 sacra
1381 3023 1515 3107 publica
1586 3051 1589 3060 ·

355 3127 623 3215 procurabantur.
662 3132 713 3195 De
729 3130 914 3211 interdicto,
939 3153 982 3195 ne
1003 3153 1116 3216 magus
1132 3131 1386 3196 exsecrationem
1400 3131 1512 3210 faciat,

355 3238 509 3323 suspicor,
543 3237 613 3322 ejus
643 3237 744 3302 fuisse
772 3237 969 3320 quibusdam
994 3237 1032 3300 in
1061 3237 1168 3303 causis
1200 3239 1349 3303 homines
1375 3251 1434 3304 aut
1461 3261 1513 3303 res
1610 3265 1611 3327 ι

354 3345 525 3426 exsecrari,
550 3345 648 3430 idque
671 3345 723 3410 die
745 3367 836 3410 sacro
859 3345 979 3429 quietis
994 3344 1066 3408 fieri
1081 3345 1129 3409 fas
1144 3368 1213 3411 non
1227 3346 1339 3410 fuisse.
1380 3347 1511 3415 Quibus
1609 3431 1610 3437 ἵ

352 3454 449 3516 rebus
472 3453 640 3538 perpensis
662 3475 720 3538 pro
744 3453 908 3537 explorato
930 3453 1098 3534 habemus,
1117 3454 1205 3538 apud
1220 3453 1417 3538 Babylonios
1441 3455 1511 3519 dies

356 3560 526 3644 pulpum,
551 3561 608 3645 qui
630 3569 796 3642 vocantur,
829 3560 896 3625 otio
926 3559 1025 3625 fuisse
1053 3570 1201 3626 accurate
1230 3561 1430 3626 observando
1453 3563 1511 3627 ad-

353 3665 470 3732 dictos.

424 3874 446 3938 1)
472 3873 548 3928 Huic
570 3873 723 3928 sententiae
747 3890 802 3927 non
825 3873 917 3929 obstat
941 3874 1070 3941 vetitum,
1099 3893 1133 3930 ne
1157 3892 1206 3929 rex
1231 3874 1393 3930 libationem
1418 3877 1510 3932 faciat.

352 3958 456 4014 Mirum
473 3976 547 4024 sane,
567 3958 686 4029 quietem
703 3957 791 4028 pluris
808 3958 946 4014 aestimari
962 3959 1095 4016 libatione
1114 3965 1198 4028 (secus
1219 3961 1287 4017 haec
1307 3979 1351 4016 ros
1366 3962 1510 4033 judicatur

352 4045 382 4099 in
399 4046 461 4100 Vct.
479 4045 578 4110 Test.):
605 4043 653 4098 ssd
670 4043 793 4114 vesperi,
814 4053 934 4116 ternpore
951 4063 1074 4118 operum,
1097 4045 1170 4117 quod
1188 4047 1285 4103 diebus
1304 4047 1438 4121 ,ζιιιὶηρᾶι
1458 4049 1509 4104 otii

353 4147 412 4186 esse
430 4131 524 4195 debet,
550 4129 714 4201 praeterito,
740 4129 785 4184 die
803 4131 887 4185 XXI⁰
911 4131 994 4187 etiam
1017 4151 1104 4199 mane,
1131 4133 1293 4190 sacrificium
1317 4134 1509 4206 quotidianum

356 4217 439 4286 (quod
461 4215 590 4287 plurimis
613 4215 711 4269 dicbus
730 4216 838 4287 vesperi
862 4217 952 4284 fiebat)
978 4218 1039 4273 fieri
1059 4218 1180 4290 jubetur,
1213 4220 1285 4274 unde
1309 4221 1506 4291 cognoscimus,

353 4303 404 4356 hos
422 4302 481 4358 dies
498 4321 553 4357 non
571 4318 629 4356 esse
647 4302 777 4372 profanos
794 4301 912 4357 habitos.
