3310 5126
807 295 998 362 -g-

322 481 475 554 utuntur,
500 469 587 534 nihil
608 468 700 534 aliud
721 489 807 551 esse,
842 490 940 553 quam
963 469 1071 550 „diem
1094 469 1212 554 quietis
1235 491 1262 536 s.
1289 469 1392 552 diem,
1419 489 1483 552 quo

323 576 472 644 homines
502 577 708 661 quieseunt“.
760 577 811 642 Ex
840 598 904 660 quo
933 577 1086 662 efficitur,
1115 577 1185 662 jam
1213 577 1410 662 antiquitus,
1445 599 1483 642 eo

321 697 476 772 tempore,
503 707 604 770 quum
625 685 688 752 hoo
708 684 840 771 septimi
862 684 928 750 diei
943 707 1064 752 nomen
1079 695 1224 751 creatum
1239 697 1297 767 est,
1325 684 1480 770 quietem,

321 793 443 859 laboris
463 793 749 877 intermissionem,
775 792 845 878 ejus
867 793 933 858 diei
954 792 1187 878 proprietatem
1209 794 1350 858 maxime
1378 793 1483 878 insig-

322 924 399 967 nem
420 900 532 966 fuisse.
572 903 704 988 Itaque,
729 901 767 967 ‘si
789 903 863 985 quis
885 899 1059 966 arbitratur
1080 901 1258 986 septimum
1280 901 1368 967 diem
1389 900 1483 986 prin-

323 1009 408 1094 oipio
429 1009 530 1074 fuisse
553 1007 641 1073 diem
670 1009 904 1076 sacrificiorum
917 1013 939 1092 ¹,
963 1009 1026 1074 hoo
1048 1009 1182 1093 quidem
1207 999 1276 1075 non
1304 1010 1402 1075 debet
1422 1030 1483 1072 ne-

323 1139 415 1203 gare,
441 1128 517 1181 ante
540 1138 578 1182 ea
599 1127 759 1202 tempora,
791 1118 910 1202 quibus
936 1117 1160 1182 israelitarum
1188 1138 1238 1182 res
1264 1116 1359 1182 nobis
1385 1127 1482 1182 notae

323 1237 432 1311 gestae
455 1233 549 1306 sunt,
577 1223 739 1308 quietem,
768 1247 832 1310 qua
854 1224 991 1310 septimo
1019 1247 1147 1310 quoque
1174 1225 1227 1290 die
1253 1224 1304 1289 uti
1332 1223 1483 1290 homines

322 1333 390 1398 sive
408 1333 463 1397 lex
483 1331 551 1396 sive
573 1354 643 1398 mos
665 1323 811 1418 cogebat,
837 1331 921 1397 tanti
942 1332 1089 1398 habitam
1111 1354 1192 1414 esse,
1217 1343 1255 1396 ut
1276 1335 1317 1398 ab
1340 1354 1388 1411 ea,
1413 1353 1483 1395 non

322 1465 341 1505 a
364 1439 531 1505 sacrifieiis
554 1440 622 1504 dies
644 1462 765 1505 nomen
788 1440 959 1525 acceperit.

407 1550 501 1612 Haeo
522 1546 655 1631 quidem
684 1549 724 1612 de
746 1548 904 1612 vocabulo
927 1540 1000 1637 nsit}
1021 1549 1263 1633 praemonenda
1292 1547 1363 1611 visa
1390 1555 1479 1612 sunt.

321 1657 396 1721 Jam
410 1656 453 1720 ad
467 1677 536 1720 rem
551 1655 655 1740 ipsam
670 1656 908 1740 aggrediamur,
934 1677 972 1720 ao
985 1655 1129 1741 primum
1144 1677 1347 1738 quaeramus,
1366 1653 1482 1718 fuerit-

321 1785 364 1828 ne
387 1773 463 1828 ante
485 1763 602 1826 Mosen
623 1762 731 1847 aliqua
754 1763 885 1848 septimi
908 1763 1066 1848 cujusque
1089 1763 1155 1828 diei
1177 1763 1363 1828 celebratio.

393 1953 417 2018 1)
438 1949 683 2016 Wellhausen,
709 1953 861 2006 Gesehmhte
879 1953 986 2018 Israela,
1007 1951 1101 2005 1117.
