3310 5126
776 1146 932 1230 caput
957 1147 1044 1218 111.

418 1415 492 1479 Jam
514 1435 602 1495 vero,
628 1435 729 1498 quum
752 1415 928 1501 septimum
951 1437 1112 1502 quemque
1135 1416 1223 1481 diem
1243 1438 1311 1483 non
1325 1416 1494 1503 potuerint

334 1521 511 1604 celebrare,
543 1519 610 1585 nisi
640 1522 696 1606 qui
718 1523 960 1590 hebdomadum
982 1523 1096 1590 ordine
1117 1526 1159 1591 ad
1181 1536 1327 1611 tempora
1348 1525 1494 1590 notanda

333 1631 519 1711 utebantur,
541 1629 637 1714 juvat
650 1630 792 1715 primum
806 1632 929 1716 videre,
952 1633 1041 1718 apud
1055 1655 1135 1717 quas
1151 1644 1265 1718 gentes
1279 1633 1495 1699 hebdomadis

332 1760 412 1805 usus
434 1737 627 1824 reperiatur.

419 1846 548 1912 Nostris
570 1846 703 1931 quidem
725 1849 926 1935 temporibus
941 1870 1054 1915 omnes
1069 1859 1183 1935 gentes
1203 1849 1395 1915 christianas
1414 1848 1496 1915 heb-

333 1960 471 2025 domade
500 1958 552 2024 uti
579 1958 788 2023 notissimum
811 1967 878 2040 est,
908 1959 966 2024 sed
987 1958 1161 2043 pleraeque
1186 1957 1286 2024 simul
1315 1980 1390 2023 curn
1417 1957 1496 2023 reli-

334 2067 431 2154 gione
454 2065 631 2131 christiana
659 2088 729 2130 eam
751 2077 956 2151 receperunt.
1003 2069 1090 2131 Ante
1112 2076 1262 2154 suscepta
1291 2089 1381 2132 sacra
1409 2065 1496 2132 chri-

335 2175 441 2242 stiana
461 2175 665 2240 hebdomade
687 2173 740 2239 usi
762 2185 839 2240 sunt
854 2175 1078 2257 Germani1,
1104 2197 1185 2260 quos
1208 2197 1281 2240 eam
1303 2173 1495 2240 aR0manis

334 2283 496 2370 accepisse
509 2281 687 2348 verisimile
708 2292 768 2364 est,
793 2285 998 2348 Romanos
1021 2294 1132 2349 autem
1153 2284 1241 2369 ipsos
1264 2283 1391 2349 circiter
1411 2282 1496 2347 illud

334 2402 473 2476 tempus,
492 2413 556 2475 quo
572 2389 722 2456 Christus
737 2399 835 2456 natus
851 2401 909 2472 est,
935 2414 1037 2476 quum
1051 2402 1148 2456 antea
1161 2391 1373 2456 hebdomadis
1389 2390 1507 2455 simile

334 2508 464 2562 tantum
484 2497 676 2580 habuerint,
710 2499 935 2564 nundinarum
961 2500 1076 2564 ordine
1098 2510 1232 2565 octonos
1255 2499 1325 2564 dies
1347 2497 1495 2564 terminis

335 2605 622 2671 circumscribente
630 2607 654 2687 ²,
685 2607 726 2670 ab
756 2606 820 2670 alia
847 2617 944 2692 gente
965 2607 1203 2672 hebdomadem
1232 2607 1395 2693 accepisse
1417 2629 1496 2672 con-

331 2711 516 2798 jiciendum
535 2723 595 2778 est.
636 2713 806 2779 Graeci³
826 2735 903 2780 vero
925 2737 1070 2780 mensem
1092 2713 1130 2779 in
1151 2725 1217 2782 tres
1238 2725 1346 2800 partes
1368 2714 1497 2780 divide-

335 2823 432 2903 bant,
458 2821 601 2905 itemque
623 2820 852 2906 Aegyptii⁴,
879 2823 995 2887 Indi⁵
1017 2833 1128 2888 autem
1149 2823 1187 2887 in
1209 2823 1301 2889 duas.
1347 2824 1425 2888 Non
1446 2833 1497 2888 est

335 2928 437 3014 igitur
468 2938 506 2994 ut
538 2929 724 3009 credamus,
757 2928 994 2994 hebdomadem
1022 2930 1212 2995 institutum
1240 2953 1352 2996 essea
1381 2931 1496 3016 primis

334 3034 506 3102 hominum
527 3036 717 3121 parentibus
739 3047 920 3122 acceptum,
946 3060 1048 3122 quum
1069 3037 1221 3124 plurimis
1241 3051 1327 3104 certe
1342 3039 1496 3124 gentibus

335 3143 519 3228 antiquitus
555 3143 656 3209 fuerit
687 3145 811 3231 ignota.
864 3146 973 3229 Atque
1001 3145 1090 3211 idem
1119 3146 1264 3231 profecto
1294 3148 1334 3212 de
1362 3149 1497 3212 sabbato

336 3262 386 3316 est
408 3250 595 3316 dicendum.
1469 3323 1470 3326 Ἴ

422 3357 536 3424 Inanis
559 3357 648 3424 enim
669 3358 735 3424 fuit
756 3381 853 3445 opera
875 3364 1018 3442 eoruml,
1051 3359 1108 3445 qui
1131 3361 1239 3426 conati
1261 3372 1339 3427 sunt
1360 3363 1497 3429 demon-

408 3592 432 3656 1)
452 3589 592 3656 orium,
614 3591 735 3646 amasse
753 3591 937 3665 Myrtoum
958 3594 1053 3660 (rest),
1074 3592 1251 3648 1111-116.

407 3679 431 3743 2)
452 3675 632 3742 Huschke,
653 3677 702 3732 das
720 3677 774 3732 alte
790 3679 917 3734 romische
934 3679 1006 3733 Jatr
1022 3696 1048 3732 u.
1069 3679 1140 3734 seins
1161 3680 1233 3754 Taya
1259 3679 1387 3747 (Braslau
1405 3682 1492 3748 1869),

337 3764 584 3915 pagdlssldlclar,
605 3850 718 3905 Hondb.
736 3851 782 3905 dar
799 3852 921 3906 martem.
939 3869 964 3904 u.
983 3851 1067 3905 tocho.
1091 3851 1276 3923 Chronolopie,
1297 3853 1312 3906 I
1330 3855 1380 3907 279
1393 3869 1450 3923 sqq.

337 4019 383 4075 111
408 3938 431 4001 4)
445 3935 617 4006 Lepsius,
648 3935 1163 4010 chronoloqiederaeqypter,1132.
1198 3939 1368 4008 Brugsch,
1390 3938 1498 3994 ZDMG

400 4022 448 4074 271
463 4026 520 4074 not

408 4110 433 4173 5)
454 4106 598 4173 Lassen,
619 4109 746 4165 Indicabo
763 4109 1068 4176 Altertbcnaskundc21
1085 4111 1145 4164 985.

407 4195 432 4259 6)
453 4192 555 4264 Hugo
574 4194 733 4260 Grotius,
761 4194 794 4249 de
811 4194 929 4250 veritate
947 4193 1092 4266 religionis
1110 4194 1288 4262 christianae,
1315 4196 1331 4250 Ι
1350 4199 1391 4252 16.
1414 4197 1494 4264 vlo,

339 4285 482 4335 comment.
500 4279 535 4334 ad
546 4280 598 4336 Ex.
610 4279 665 4334 XX
678 4283 702 4335 8.
739 4279 937 4348 Osohwald‚
957 4283 1000 4336 die
1015 4281 1114 4337 cbristl.
1127 4283 1339 4352 Sonatapsser'ea
1354 4300 1381 4353 p.
1395 4284 1426 4337 13
1437 4299 1496 4353 sqq.
