3276 5130
612 323 828 385 ...93-

136 491 247 556 mundi
269 491 407 556 creandi
429 491 633 558 hebdomade
656 491 842 558 continetur
862 515 921 558 ser
950 493 1077 559 dierum
1107 494 1239 558 creandi
1267 505 1301 559 et

135 598 231 664 unius
253 598 462 682 quiescendi,
487 599 536 664 ita
556 599 779 664 Israelitarum
800 601 868 666 vita
889 601 926 665 in
947 600 1168 666 hebdomades
1190 601 1301 666 distri-

132 707 260 772 bucnda
274 718 337 789 est,
355 725 498 792 quarum
512 727 728 790 unaquaeque
739 707 866 793 effigies
877 707 920 774 sit
930 707 1164 773 illiusdivinae
1174 708 1300 773 hebdo-

131 813 246 878 madis.
269 814 385 880 Facile
397 813 626 899 intelligimus,
639 815 725 879 hanc
739 815 901 880 rationem
912 817 1040 880 duabus
1054 816 1122 880 illis
1134 816 1300 901 opinioni-

131 924 190 986 bus
204 921 351 987 maxime
368 931 623 987 consentaneam
639 943 719 1002 esse,
744 944 882 1006 quarum
896 923 996 988 altera
1011 923 1146 988 sabbata
1161 923 1231 988 dies
1247 945 1300 988 sa·

133 1051 200 1096 cros
221 1029 330 1115 ponit,
358 1029 482 1114 quibus
502 1030 647 1096 Jehovae
669 1051 796 1096 sacrum
818 1031 929 1096 labore
950 1031 1123 1096 hominum
1144 1030 1295 1111 violetur,

131 1137 230 1202 altera
240 1136 373 1216 statuit,
387 1139 522 1203 sabbata
536 1138 639 1202 aDeo
649 1137 770 1222 populo
782 1159 844 1202 suo
854 1138 940 1216 data,
955 1149 993 1204 ut
1003 1137 1159 1222 requietis
1170 1149 1299 1223 tempus

131 1247 324 1330 praebeatur
346 1245 502 1310 omnibus
515 1244 625 1310 labore
641 1244 804 1321 exercitis,
827 1245 969 1310 maxime
983 1246 1087 1311 servis
1100 1256 1133 1312 et
1146 1245 1301 1330 pauperi-

131 1354 203 1417 bus.
227 1353 317 1418 Nam
328 1374 433 1436 quum
449 1351 591 1436 septimo
603 1352 659 1418 die
668 1354 761 1418 Deus
775 1351 844 1436 ipse
861 1353 1032 1435 quiescens
1047 1376 1123 1418 eum
1138 1353 1198 1418 otii
1212 1353 1300 1418 diem

130 1482 191 1525 suo
211 1460 366 1546 exemplo
389 1459 578 1540 instituerit,
604 1461 714 1540 homo,
746 1459 804 1543 qui
825 1460 938 1525 mallet
959 1460 1114 1541 laborare,
1139 1461 1299 1526 Jehovam

133 1579 359 1634 contemneret
381 1569 517 1653 ejusque
538 1567 743 1652 majestatem
769 1567 923 1632 laederet.
969 1569 1013 1632 Et
1033 1591 1102 1634 non
1124 1580 1163 1634 ut
1182 1567 1300 1633 ludum

133 1674 265 1740 inanem
286 1676 357 1742 sire
379 1697 422 1740 ex
442 1697 532 1740 mera
552 1675 692 1740 libidine
706 1677 816 1740 Deum
829 1678 964 1740 sabbata
985 1676 1161 1760 imperasse
1182 1677 1300 1741 melius

135 1781 190 1844 vix
209 1782 312 1866 possit
331 1783 474 1868 probari.
514 1783 601 1847 Nam
615 1781 720 1848 otium
734 1781 939 1848 sabbaticum
953 1783 1078 1848 bonum
1099 1805 1137 1848 ac
1159 1785 1300 1850 salutare

141 1909 222 1968 csse,
256 1890 312 1972 qui
339 1890 446 1975 possit
466 1889 598 1974 planius
621 1888 838 1954 demonstrari
860 1911 959 1972 quam
979 1891 1158 1968 narrando,
1189 1892 1299 1954 Deum

143 1993 249 2077 ipsum
267 2007 340 2082 post
360 2019 419 2065 sex
441 1997 522 2078 dies,
548 1997 668 2080 quibus
690 1997 853 2062 mundum
873 1997 1018 2082 perfecit,
1046 1997 1184 2082 septimo
1206 1997 1300 2080 quie-

147 2101 249 2166 visse‘l
281 2105 395 2186 Itaque
416 2104 528 2168 Deum
547 2104 691 2170 imitanti
713 2105 851 2190 septimo
873 2126 1001 2188 quoque
1024 2105 1078 2170 die
1100 2105 1210 2170 feriari
1224 2104 1299 2170 offi-

147 2207 235 2272 cium
254 2209 351 2276 simul
370 2211 429 2276 erit
452 2222 485 2276 et
505 2211 667 2296 voluptas.

232 2315 270 2378 In
302 2317 498 2404 decalogo
530 2318 857 2384 Deuteronomii
886 2320 1022 2384 alteram
1055 2330 1182 2405 partem
1215 2320 1299 2405 legis

148 2422 324 2490 sabbaticae
344 2424 532 2492 invenimus
552 2427 650 2512 plane
672 2427 835 2492 diversam
857 2437 890 2490 et
912 2427 1075 2492 diversam
1101 2426 1160 2492 otii
1182 2429 1300 2492 sabba-

149 2527 205 2592 tici
224 2531 389 2600 rationem.
436 2533 686 2599 Deuteronomii
715 2533 854 2619 scriptor
875 2533 1099 2619 compluribus
1118 2535 1299 2620 praeceptis

145 2657 302 2703 servorum
322 2640 582 2725 miserorumque
604 2642 773 2706 commodo
791 2642 993 2727 prospiciens
1006 2641 1189 2708 adscribere
1204 2643 1296 2724 solet,

143 2755 178 2808 ut
189 2746 356 2813 Israelitae
370 2771 530 2814 memores
553 2749 619 2814 sint
642 2749 808 2816 servitutis
823 2760 857 2814 et
871 2748 1030 2832 miseriae,
1058 2771 1138 2834 quas
1153 2749 1218 2836 ipsi
1234 2750 1301 2814 sint

140 2853 174 2916 in
194 2857 346 2941 Aegypto
368 2855 523 2940 perpessi,
556 2878 695 2940 quarum
723 2857 946 2924 recordatione
974 2858 1016 2922 ad
1043 2857 1300 2923 misericordiam

137 2982 212 3048 erga
233 2963 309 3028 illos
331 2973 524 3028 moveantur
549 2964 602 3046 (cf.
627 2987 656 3030 e.
674 2989 703 3031 c.
728 2967 829 3030 Dent.
851 2973 899 3046 15,
922 2967 985 3047 15).
1026 2965 1080 3030 Sic
1094 2965 1131 3028 in
1146 2964 1300 3049 decalogo

137 3091 267 3154 quoque
295 3081 370 3158 post
398 3073 512 3136 verba:
545 3081 584 3135 ut
613 3072 759 3154 quiescat
785 3094 898 3137 sertus
927 3083 1006 3136 tuus
1036 3082 1069 3136 et
1096 3071 1215 3135 ancilla
1243 3082 1300 3135 tua

135 3176 223 3242 sicum
257 3189 309 3258 tu,
343 3177 467 3264 pergit:
502 3180 553 3244 Et
581 3189 788 3243 memento
818 3200 986 3243 servum
1022 3189 1061 3242 te
1090 3177 1225 3242 fuisse
1257 3177 1300 3240 in

133 3295 250 3350 terra
270 3288 465 3372 Aegypto
489 3298 528 3352 et
549 3286 750 3352 Jehovam
772 3297 811 3350 te
834 3285 932 3349 inde
961 3284 1157 3349 eduxisse
1179 3305 1299 3348 manu

134 3391 280 3456 valida
309 3403 348 3457 et
376 3393 544 3458 brachio
570 3405 777 3478 porrecto.
831 3395 945 3462 Quum
971 3402 1082 3456 autem
1109 3391 1217 3455 addit:
1256 3415 1300 3457 ea

133 3501 186 3564 de
212 3522 339 3565 causa
366 3501 540 3582 Jehova,
571 3501 681 3566 Deus
710 3512 822 3580 tuus,
855 3511 894 3564 te
917 3498 1052 3583 jussit
1084 3500 1300 3564 sabbatum

131 3607 277 3692 agere',
304 3608 484 3694 significat,
520 3631 589 3674 non
617 3609 741 3691 solum,
773 3619 810 3672 ut
831 3607 958 3672 animos
980 3607 1023 3671 ad
1044 3605 1299 3672 misericordiam

132 3715 263 3795 incitet,
289 3737 325 3779 se
346 3715 470 3780 dixisse
493 3727 677 3795 „memento
692 3737 823 3781 servum
838 3726 871 3780 te
885 3714 1009 3779 fifisse“
1025 3723 1101 3793 etc,
1121 3713 1190 3794 sed,
1214 3715 1301 3795 quod

132 3821 202 3885 Dei
228 3822 377 3907 potentia
403 3821 568 3888 Israelitae
597 3824 755 3890 servitute
782 3822 911 3888 liberati
939 3821 1021 3904 sint,
1054 3841 1185 3886 causam
1215 3839 1295 3899 esse,

135 3950 196 3994 cur
216 3929 342 3996 Jehova
362 3932 497 3996 sabbata
518 3952 615 4015 agere
633 3930 780 4016 jusserit.
820 3931 856 3996 Si
878 3931 974 3996 aliter
995 3930 1161 4010 sensisset,
1188 3925 1301 3990 dicen-

136 4037 218 4100 dum
240 4037 428 4102 siluisset:
455 4060 514 4117 „ea
537 4039 577 4102 de
600 4059 699 4102 causa
720 4038 846 4104 Jehova
868 4049 900 4103 te
919 4037 1020 4122 jussit
1041 4039 1176 4102 sabbato
1192 4055 1300 4098 servos

135 4144 246 4210 sinere
269 4145 435 4228 quiescere
460 4145 558 4229 (sicut
579 4155 617 4210 tu
639 4167 678 4211 eo
700 4145 754 4210 die
776 4145 963 4229 quiescis)“.
1011 4142 1160 4210 Credidit
1186 4140 1297 4225 igitur,

136 4254 308 4318 sabbatum
337 4276 356 4317 a
379 4253 451 4318 Deo
476 4253 665 4316 institutum
693 4274 762 4316 esse
791 4253 832 4316 ob
860 4251 1050 4316 memoriam
1079 4248 1301 4314 Israelitarum
