3310 5126
617 367 831 430 ..21-

143 542 263 626 quibus
285 541 342 604 ille
364 539 498 624 planeta
519 537 593 602 luce
609 545 738 603 austera
757 537 870 601 lucens
885 539 1033 602 omnium
1048 539 1306 623 ignobilissimus

143 661 177 714 et
197 649 334 714 minime
357 646 509 713 sublimis
532 646 621 710 visus
645 655 704 709 est.
744 646 853 729 Atque
869 657 955 711 errat
969 646 1025 709 ille
1041 647 1185 730 quidem,
1204 668 1306 730 quum

142 768 237 843 putat
257 755 388 843 probari
411 753 600 838 opinionem
622 776 715 818 suam
736 755 798 818 hac
814 754 950 818 Celsi¹
973 754 1170 819 narratione.
1209 757 1243 819 Is
1266 756 1307 819 de

142 865 308 950 mysteriis
322 847 516 942 Mithrae,
544 863 714 926 Persarum
730 861 793 942 dei,
819 849 919 926 verba
933 862 1056 926 faciens
1078 861 1202 926 inillis
1225 862 1306 926 duas
1335 905 1338 910 -

140 973 225 1038 coeli
248 973 412 1058 sphaeras,
438 971 472 1032 h.
491 991 519 1034 e.
538 969 756 1034 inerrantium
779 968 948 1032 stellarum
970 980 1003 1034 et
1018 970 1208 1052 errantium,
1233 971 1307 1034 ani-

138 1103 276 1164 masque
299 1103 357 1165 per
379 1101 434 1143 eas
464 1087 669 1142 transeuntes
698 1077 843 1162 imagine
874 1077 1014 1161 exprimi
1042 1077 1124 1141 dicit
1159 1078 1307 1142 adhibita

138 1188 229 1253 scala
252 1199 379 1273 septem
398 1185 509 1270 januis
532 1185 702 1265 instructa,
728 1185 764 1247 in
787 1207 850 1268 qua
865 1207 993 1250 summa
1008 1184 1052 1249 sit
1062 1183 1165 1269 janua
1180 1196 1304 1250 octava.

137 1296 288 1360 Primam
305 1295 442 1380 januam
464 1315 505 1358 ex
526 1293 661 1378 plumbo
683 1292 802 1356 factam
818 1314 896 1374 esse,
923 1293 1101 1357 secundam
1120 1314 1161 1356 ex
1174 1303 1303 1376 stanno,

139 1404 274 1470 tertiam
296 1425 338 1466 ex
359 1423 448 1483 aere,
483 1411 630 1485 quartam
653 1423 694 1465 ex
715 1400 818 1483 ferro,
852 1401 1001 1484 quintam
1024 1421 1065 1464 ex
1086 1423 1159 1465 aere
1188 1401 1303 1484 mixto,

139 1523 268 1578 sextam
290 1533 332 1575 ex
354 1519 506 1595 argento,
539 1510 712 1594 septimam
742 1531 782 1573 ex
812 1531 899 1572 auro.
948 1509 1091 1572 Januam
1118 1508 1306 1593 plumbeam

142 1622 293 1698 Saturno,
321 1629 493 1684 stanneam
508 1617 642 1699 Veneri,
667 1617 825 1682 aheneum
840 1617 928 1698 Jovi,
955 1616 1092 1681 ferream
1107 1618 1271 1682 Mercurio
1280 1621 1304 1700 ²,

142 1751 185 1794 ex
206 1749 280 1792 aere
301 1727 407 1792 mixto
428 1725 621 1791 fabricatam
649 1725 768 1807 Marti,
801 1733 990 1810 argenteam
1011 1725 1143 1806 Lunae,
1174 1747 1307 1790 auream

144 1835 213 1902 Soli
235 1835 383 1900 attribui.
431 1836 543 1903 Quum
561 1833 665 1918 janua
686 1834 723 1897 in
746 1854 873 1898 summa
895 1833 982 1898 scala
1010 1833 1166 1898 collocata
1194 1833 1307 1918 appel-

143 1945 210 2010 lata
231 1943 276 2009 sit
290 1947 455 2024 „oetava“,
481 1963 550 2007 non
571 1941 699 2022 dubito,
725 1941 806 2024 quin
821 1942 1000 2026 „septima“
1023 1941 1067 2006 sit
1080 1941 1132 2006 illi
1145 1941 1302 2026 proxima,

141 2053 248 2138 prima
277 2052 406 2131 infima,
440 2053 531 2114 Baur
559 2049 673 2134 igitur,
706 2049 763 2131 qui
792 2049 981 2133 plumbeam
1010 2049 1144 2115 Saturni
1170 2049 1307 2134 januam

142 2171 275 2226 octavae
302 2158 486 2245 proximem
515 2157 707 2221 antecedere
737 2156 841 2237 dicat,
874 2167 969 2220 erret.
1023 2158 1177 2222 Cetenrm
1205 2179 1307 2240 quum

144 2268 275 2332 animae
296 2266 466 2350 septimam
484 2264 621 2349 januam
644 2263 805 2328 intrantes
826 2263 868 2327 ad
890 2265 991 2328 finem
1012 2263 1140 2330 itineris
1163 2264 1307 2328 faciendi

146 2397 216 2438 non
236 2374 437 2458 perveniant,
463 2373 619 2456 quoniam
641 2371 789 2454 sequitur
811 2382 935 2453 octava,
961 2371 1099 2456 septima
1114 2372 1172 2436 illa
1186 2371 1306 2455 quietis

149 2481 282 2566 siguum
305 2502 372 2546 esse
394 2481 517 2565 nequit.
561 2481 654 2544 Idem
677 2481 755 2544 ordo
778 2479 814 2542 in
835 2488 960 2564 septem
982 2480 1155 2545 moenibus
1176 2482 1308 2545 Ecba-

150 2601 287 2671 tauae,
305 2590 394 2654 urbis
408 2589 567 2668 Medicae,
588 2588 772 2652 cernitur³:
797 2609 912 2652 murus
928 2587 1016 2651 enim
1030 2590 1146 2653 urbem
1160 2589 1308 2674 proxime

147 2697 283 2783 cingens
305 2697 422 2778 aureis,
448 2697 613 2762 secundus
636 2697 816 2782 argenteis,
842 2695 960 2760 tertius
981 2695 1147 2780 puniceis,
1174 2705 1308 2779 quartus

146 2805 314 2887 caeruleis,
340 2805 476 2889 quintus
499 2804 732 2887 sanderacinis,
758 2815 869 2869 sextus
883 2804 999 2885 albis4,
1025 2814 1189 2869 extremus
1203 2804 1308 2888 nigris

143 2913 399 2998 propugnaculis
421 2913 601 2979 instructus
623 2913 705 2994 fuit,
736 2935 817 2996 quos
840 2912 963 2977 colores
985 2912 1027 2976 ad
1048 2923 1174 2997 septem
1195 2911 1309 2996 plane-

144 3033 194 3086 tas
225 3031 370 3106 spectare
403 3021 459 3084 vix
490 3030 599 3105 potest
629 3021 755 3106 negari.
813 3022 855 3084 In
885 3019 949 3084 hoc
982 3041 1110 3103 quoque
1142 3041 1309 3083 murorum

145 3130 260 3194 ordine
283 3129 369 3195 Solis
392 3129 479 3193 orbis
501 3128 577 3192 urbi
599 3127 663 3213 ipsi
684 3128 850 3214 proximus
873 3139 906 3191 et
927 3128 1089 3192 finitimus
1113 3136 1172 3209 est,
1198 3127 1234 3190 in
1257 3147 1306 3208 eo,

143 3248 183 3302 ut
212 3237 293 3302 dicit
320 3237 527 3318 Herodotus,
566 3233 608 3300 τὰ
644 3233 805 3324 denutritas
839 3234 949 3301 ἔνεστι
977 3235 1033 3299 καὶ
1065 3233 1096 3299 οἱ
1127 3236 1307 3322 θησαυροί.

144 3347 220 3410 Jam
242 3367 283 3410 ex
305 3367 352 3426 eo,
380 3345 468 3428 quod
488 3345 662 3430 plumbum
685 3355 718 3408 et
740 3343 828 3408 color
849 3344 945 3428 niger
960 3343 1100 3407 Saturno
1123 3341 1310 3406 attribuun-

145 3465 209 3535 tur,
237 3464 370 3539 apparet
392 3475 468 3518 eum
489 3475 557 3518 non
578 3451 777 3517 altissimum
800 3461 834 3515 et
856 3449 1130 3530 excelsissimum,
1156 3452 1213 3515 sed
1236 3472 1311 3536 gra·

145 3562 317 3626 vissimum
332 3571 365 3626 et
378 3561 640 3626 funestissimum
654 3559 820 3645 planetam
834 3558 985 3624 habitum
1007 3580 1087 3640 esse,
1114 3580 1311 3642 quamquam

218 3831 241 3895 l)
261 3829 345 3901 Apud
364 3827 442 3898 Orig.
463 3835 558 3884 eontra
575 3827 646 3883 Cels.
664 3826 705 3881 VI
723 3829 756 3881 22
776 3831 812 3899 (p.
824 3829 875 3880 336
888 3845 948 3898 sqq.
969 3826 1011 3883 ed.
1026 3825 1235 3892 Lommatusch).
1266 3823 1310 3878 cf.

147 3913 307 3986 Spiegel,
329 3915 477 3970 manaen
486 3914 731 3980 Altertunukuude,
752 3914 782 3968 11
800 3917 842 3968 86.

216 4003 241 4067 2)
261 4001 351 4056 Janus
369 4001 458 4057 ferrea
476 4009 556 4057 etex
573 4018 634 4056 aere
652 3999 738 4054 mitto
757 4000 830 4056 lactc
847 4019 864 4054 a
881 3999 962 4055 Celso
986 3998 1045 4055 sive
1063 3997 1183 4068 Origene
1200 4013 1312 4068 permu-

146 4095 221 4143 tatae
239 4104 299 4142 essc
316 4087 456 4143 videntur.
493 4087 594 4144 Martis
608 4087 694 4159 janua
713 4087 835 4158 prolecto
853 4087 943 4142 ferrea
960 4085 1025 4140 fuit.

216 4177 241 4238 3)
260 4173 365 4227 Herod.
381 4175 396 4229 1
414 4177 456 4229 98.

216 4263 240 4325 4)
261 4259 422 4314 Herodotus
447 4267 525 4316 sexto
551 4277 629 4316 muro
653 4259 747 4330 nigra,
774 4258 890 4330 septimo
914 4257 976 4313 alba
999 4253 1206 4329 propugnacula
1226 4253 1312 4310 luisse

146 4345 241 4403 dicens
258 4363 349 4403 errare
367 4345 485 4402 videtur.
