3276 5130
639 291 930 355 -99-.

252 463 332 544 His,
371 483 452 546 quae
480 461 630 548 exposui,
665 461 744 528 satie
774 463 1032 530 demonstratum
1059 485 1129 529 esse
1158 464 1321 546 existimo,

165 593 235 637 non
257 581 379 636 temere
400 591 472 634 eam
494 569 577 656 legis
599 568 784 635 sabbaticae
806 569 955 652 formam,
980 592 1077 654 quam
1092 571 1266 656 decalogus
1289 572 1325 635 in

163 729 290 799 videtur,
318 731 350 787 G.
372 729 485 786 Smitb
508 729 581 786 illud
605 731 768 788 vocabulum
791 732 927 804 assyrium
949 732 988 786 sio
1011 733 1217 806 interpretatur,
1246 735 1325 806 quasi

163 817 305 889 significet
324 815 360 873 ad
379 835 449 890 opus
469 817 634 874 antecedens
656 826 795 890 spectans:
825 819 910 884 „bane
937 817 1099 884 iecemln)t“.
1144 819 1216 875 Nam
1240 837 1326 890 quum

162 904 265 975 quinta
290 901 461 968 tabularum,
491 903 593 974 quibus
618 903 740 959 narratio
761 903 858 958 mundi
880 903 966 960 creati
989 903 1156 971 continetur,
1184 903 1325 960 stellarum

162 989 303 1060 originem
319 988 474 1044 describere
496 988 597 1060 incipit
613 989 706 1046 verbis
727 985 845 1044 absis's'm
862 991 997 1057 monachi
1012 986 1097 1058 ἴση(
1112 991 1134 1045 il
1150 991 1222 1048 ilani
1237 991 1326 1046 ratast

162 1061 324 1130 causans
345 1115 433 1130 .....
457 1070 528 1130 oseca
550 1075 636 1140 ,bene
665 1074 732 1130 raia
760 1075 959 1132 ammentum
973 1081 1004 1144 (a
1029 1075 1326 1134 cannamomum

162 1178 327 1233 magnorum
343 1160 378 1226 th.
393 1179 416 1216 e.
430 1161 517 1227 Anu),
537 1158 633 1216 stellas
644 1202 651 1217 .
664 1202 671 1216 .
684 1201 710 1215 ..
729 1161 843 1232 posuit‘,
864 1169 938 1216 certe
955 1161 1023 1217 haec
1039 1180 1095 1218 non
1113 1161 1148 1216 cd
1165 1180 1235 1234 opus
1247 1171 1326 1218 ante-

162 1247 268 1304 cedens
283 1245 450 1318 respiciunt,
471 1245 601 1316 quoniam
619 1245 652 1300 de
670 1247 851 1312 ,firmamento
870 1246 954 1302 coeli‘
971 1256 1063 1304 creato
1080 1247 1131 1303 hac
1149 1247 1209 1319 ipsa
1231 1247 1326 1304 tabula

163 1334 265 1408 quinta
282 1332 375 1402 egitrrr
394 1331 437 1398 (ci.
453 1329 504 1387 lin
518 1334 542 1386 6.
555 1333 593 1397 8).
629 1329 728 1402 ltaque
745 1331 899 1388 similitudo
921 1333 1109 1390 narrationum
1131 1333 1274 1389 hebraicae
1298 1343 1327 1390 et

161 1417 346 1491 babylonicae
373 1417 404 1472 in
427 1416 480 1472 hac
505 1434 535 1472 re
561 1416 651 1472 minor
677 1424 733 1484 est,
759 1435 841 1489 quam
864 1435 944 1489 saepe
971 1417 1083 1476 dicitur.
1129 1418 1248 1475 Omnino
1274 1419 1326 1475 bae

162 1503 363 1562 similitudines
380 1521 436 1558 non
452 1520 500 1558 eae
513 1510 584 1569 sunt,
606 1511 638 1558 ut
655 1519 783 1574 cogamur
797 1503 933 1577 judicare,
953 1504 1138 1560 narrationem
1149 1504 1327 1562 israeliticam

162 1590 349 1662 conscriptam
378 1606 437 1644 esse
466 1590 501 1643 ab
530 1588 654 1652 homine,
688 1589 737 1661 qui
762 1589 954 1664 babylonicam
979 1590 1103 1646 imitatus
1126 1590 1172 1646 sit.
1220 1593 1326 1646 Narra-

164 1674 254 1733 tionis
276 1673 442 1730 israeliticae
464 1673 576 1746 propria
600 1682 665 1730 sunt
688 1675 823 1748 imprimis
845 1675 927 1732 haec:
955 1675 1120 1748 spiritum
1142 1675 1209 1732 Dei
1232 1677 1326 1732 voli·

163 1773 263 1819 tasse
286 1777 370 1833 supra
392 1777 523 1832 aquarum
546 1761 731 1832 superficiem,
763 1777 847 1833 opera
871 1762 1019 1818 creationis
1046 1761 1120 1817 iacta
1143 1779 1203 1818 esse
1224 1765 1327 1836 jussu

163 1847 268 1906 serbi
285 1847 403 1902 divini
423 1852 514 1918 (qnam
530 1863 587 1902 rem
604 1847 688 1904 etiam
704 1846 873 1920 Babylonios
889 1847 1038 1904 tradidisse
1054 1847 1182 1918 equidem
1198 1866 1234 1904 ex
1251 1849 1327 1920 iraq-

164 1942 260 1991 mento
278 1932 304 1989 S.
317 1936 367 1988 stt
386 1949 548 2003 cognoscere
566 1951 621 1989 non
640 1938 771 2004 possum),
799 1941 932 2005 septem
954 1932 1079 1988 diebus
1102 1933 1198 1988 mundi
1215 1935 1327 1990 creandi
1378 1998 1382 2005 ¹

165 2040 235 2094 opus
247 2019 407 2077 contentum
418 2035 486 2084 esse,
501 2019 592 2073 Deum
610 2017 676 2083 diei,
691 2019 775 2086 nocti,
790 2018 866 2074 coelo
879 2026 930 2074 etc.
948 2019 1086 2074 nomina
1102 2019 1324 2090 imposuisse,

167 2109 258 2164 Deum
276 2105 367 2179 ipsum
388 2122 471 2177 opera
488 2104 561 2159 iacta
577 2105 668 2160 bona
686 2103 898 2160 declarasse.
918 2134 952 2144 —
968 2103 1053 2160 Juvat
1069 2121 1156 2176 pauca
1172 2105 1327 2161 adscribere

170 2193 201 2249 de
217 2191 376 2249 nmatione
392 2188 556 2261 babylonica
574 2188 683 2245 diluvii.
713 2190 790 2245 Haec
807 2189 949 2262 aliquanto
968 2189 1085 2245 similior
1096 2197 1139 2246 eat
1150 2189 1324 2258 israeliticae,

170 2297 248 2351 quam
265 2276 387 2334 narratio
403 2274 501 2331 mundi
517 2274 612 2332 creati.
643 2275 745 2330 Verum
762 2276 908 2352 quominuq
924 2276 996 2332 hane
1012 2275 1197 2334 narrationem
1213 2275 1328 2348 babylo-

171 2366 257 2422 nicam
273 2363 380 2421 iontem
404 2358 570 2418 israeliticae
593 2369 722 2434 putemus
742 2363 801 2434 jam
824 2381 857 2417 eo
880 2361 1066 2434 prohibemur,
1091 2361 1167 2434 quod
1190 2362 1225 2418 ad
1249 2360 1327 2419 illius

170 2449 378 2508 similitudinem
394 2447 518 2520 proxime
535 2445 668 2504 accedunt
684 2445 850 2504 narrationis
866 2445 1010 2503 hebraicae
1028 2455 1121 2520 partes
1134 2447 1325 2520 jehoyistioae,

171 2554 237 2610 quas
253 2534 367 2592 difficile
384 2543 428 2591 est
444 2531 574 2589 arbitrari
594 2533 712 2604 scriptas
729 2540 818 2589 aetate
835 2533 996 2606 posteriore,
1017 2551 1099 2605 quam
1116 2551 1171 2605 qua
1183 2534 1328 2590 universus

168 2623 236 2681 liber
250 2620 437 2696 jehovisticus
453 2620 574 2692 scriptus
590 2628 643 2675 est:
666 2619 690 2675 is
707 2626 799 2676 sutem
816 2619 884 2690 quin
901 2618 990 2676 multe
1007 2627 1072 2675 ante
1089 2618 1218 2676 exsilium
1235 2621 1327 2692 Baby-

166 2709 288 2767 lonicum
315 2707 434 2779 scriptus
458 2704 554 2771 fuerit,
583 2724 640 2762 non
663 2713 706 2764 est
727 2705 849 2764 dubium.
890 2707 933 2766 De
957 2704 1065 2777 reliquo
1088 2705 1117 2762 in
1141 2706 1193 2762 bac
1217 2723 1328 2778 quoquc

166 2796 323 2852 narratione
340 2810 440 2864 magna
457 2791 530 2846 inter
546 2790 738 2864 babylonicam
754 2791 872 2848 formam
888 2800 916 2848 et
933 2791 1089 2848 hebraicam
1106 2791 1266 2850 discrimina
1283 2793 1328 2848 in-

164 2883 331 2939 veniuntur:
351 2897 451 2936 nomen
462 2877 553 2934 Noae
568 2878 632 2947 (ty't),
653 2877 728 2950 quod
746 2895 834 2950 neque
852 2878 883 2933 in
900 2878 1057 2934 narratione
1073 2878 1238 2950 babylonica
1255 2878 1327 2949 legi-

166 2977 221 3032 tur,
241 2983 331 3036 neqne
348 2981 448 3020 nomen
463 2961 660 3034 babylonicum
677 2963 707 3018 in
723 2963 848 3035 linguam
864 2965 1021 3020 hebraicam
1043 2979 1152 3019 versum
1177 2971 1225 3019 aut
1243 2982 1260 3018 a
1276 2964 1329 3028 Ju-¹

168 3051 244 3105 daeis
260 3048 403 3104 sutilibus
420 3049 514 3103 lictum
531 3065 590 3104 esse
608 3057 713 3121 potest:
733 3055 839 3114 „aroa“
856 3065 906 3119 pro
917 3049 1006 3113 „nasi“
1018 3047 1241 3119 Babyloniorum,
1257 3065 1328 3118 quae

168 3150 213 3188 res
229 3133 281 3187 hoc
299 3141 373 3187 certa
390 3132 477 3198 docet,
497 3133 686 3190 Hebraeorum
704 3133 856 3204 peculiares
874 3133 961 3188 inisse
978 3133 1124 3204 opiniones
1141 3133 1176 3188 de
1193 3133 1329 3203 antiquis·

169 3215 247 3274 simis
263 3217 449 3287 temporibus:
475 3234 555 3274 aves
572 3218 673 3290 partim
697 3218 856 3275 diversae
879 3219 975 3274 aNoa
992 3233 1027 3272 ex
1044 3233 1107 3272 area
1124 3225 1207 3289 atque
1225 3236 1242 3272 a
1259 3217 1329 3274 Cha·

169 3301 276 3359 sisadra
293 3318 308 3356 e
325 3301 391 3356 navi
408 3301 530 3358 emissae.
568 3302 664 3358 Priora
682 3301 820 3358 Genescos
837 3301 928 3373 capita
945 3311 1008 3372 post
1028 3301 1159 3358 exsilium
1180 3302 1329 3376 Babyloni·

169 3405 231 3444 cum
248 3395 296 3443 aut
313 3387 343 3442 in
361 3385 459 3442 exsilio
478 3385 579 3459 scripta
596 3401 664 3454 esser,
684 3396 826 3460 praeterea
843 3405 899 3444 non
915 3405 949 3444 ex
962 3405 993 3442 eo
1005 3387 1141 3459 conjicere
1158 3387 1233 3454 lieet,
1254 3389 1329 3461 quod

169 3491 213 3530 rea
225 3471 285 3552 illia
295 3481 422 3528 narratae
434 3472 464 3528 in
475 3471 567 3528 literis
584 3473 721 3530 hebraicis
739 3481 801 3528 ante
819 3473 983 3545 conscriptis
1000 3489 1134 3545 nusquam
1151 3483 1244 3547 aperte
1257 3492 1329 3532 conr-

168 3566 361 3616 memorantur.
392 3560 465 3615 Nam
476 3576 561 3630 quum
572 3559 635 3626 Noa
646 3558 682 3614 ab
693 3558 839 3614 Ezechiele
857 3567 889 3614 ut
906 3559 988 3616 bomo
1006 3560 1108 3631 probus
1123 3568 1184 3616 tum
1195 3561 1328 3634 temporis

169 3645 327 3702 notissimus
339 3652 512 3712 memoretur,
532 3662 576 3702 res
589 3653 682 3716 gestas
694 3644 755 3716 ejus
772 3644 883 3700 exsules
900 3645 1009 3702 demum
1026 3646 1190 3719 comperisse
1207 3646 1329 3703 incredi-

168 3730 225 3787 bile
243 3739 286 3786 est
305 3731 388 3798 (unde
405 3739 528 3786 actutum
550 3731 703 3787 exstitisset
725 3748 824 3787 nomen
842 3731 917 3800 ry'rt).
954 3732 1048 3788 Etiam
1064 3732 1120 3789 Jes.
1135 3737 1176 3799 54,
1192 3735 1209 3786 9
1227 3731 1328 3788 diluvii

167 3818 208 3873 ita
225 3816 257 3872 lit
271 3815 386 3882 mentio,
406 3825 510 3872 utnon
528 3815 665 3889 possimus
682 3833 739 3871 non
756 3817 873 3883 credere,
894 3826 959 3874 anta
976 3817 1103 3874 exsilium
1126 3815 1267 3874 israelitas
1293 3817 1327 3873 de

169 3919 201 3958 eo
225 3901 329 3974 optime
352 3901 475 3958 scivisse
522 3901 650 3958 (latarum
672 3901 844 3958 narrationes
867 3901 933 3960 iliae
956 3904 1040 3960 etiam
1060 3903 1090 3959 in
1114 3903 1242 3959 omnibns
1263 3903 1326 3959 Vct.

169 3987 337 4044 Testamenti
352 3987 434 4044 libris
451 3997 515 4060 post
529 3987 660 4044 exsilium
675 3988 786 4060 scriptis
803 4005 938 4060 nusquam
955 3997 1148 4046 memorantur.
1178 3989 1252 4045 Mihi
1263 4006 1329 4046 sero

165 4075 226 4145 jam
242 4073 364 4145 psalmus
381 4072 480 4130 XXIX
498 4073 609 4130 videtur
625 4074 750 4146 probare,
771 4073 845 4146 apud
861 4073 1004 4132 Israeliten
1025 4083 1088 4130 ante
1107 4073 1236 4130 exsilium
1253 4073 1328 4130 dilu-

167 4159 207 4216 vii
229 4159 391 4216 memoriam
414 4158 509 4216 husae.
549 4159 588 4215 Et
612 4159 658 4214 cui
681 4158 785 4230 psalmo
807 4168 871 4231 post
895 4159 1025 4216 exsilium
1047 4159 1202 4232 conscripto
1227 4160 1328 4216 certior

167 4247 240 4303 inest
258 4245 359 4318 capitia
378 4245 460 4318 primi
479 4245 616 4302 Genescos
633 4245 764 4300 mamona
781 4262 864 4316 quam
880 4245 987 4318 psalmo
1005 4245 1074 4301 VIII
1092 4244 1247 4302 Desidiae?

1086 4350 1119 4402 qs
