3276 5130
812 309 1029 372 ,90-

339 477 578 564 interpretaris,
613 477 642 540 si
670 487 782 561 putas,
813 498 885 541 eam
915 477 1032 542 docere
1066 476 1240 562 praecipue
1274 499 1442 544 servorum
1471 491 1507 544 et

334 586 559 672 jumentorum
582 583 688 668 gratia
701 583 806 648 otium
820 583 1024 649 sabbatinum
1039 585 1275 669 praescriptum
1290 596 1323 650 et
1338 584 1503 666 dominos,
1555 580 1558 589 '

339 715 381 758 ne
403 713 513 758 servos
534 691 682 756 laborare
705 701 834 776 cogant,
860 691 1026 774 quiescere
1044 690 1166 775 juberi.
1206 693 1315 758 Verba
1337 693 1408 777 ejus
1424 706 1508 759 sunt

338 801 434 866 baec:
460 801 509 865 Et
524 820 592 864 sex
607 798 752 863 diebus
766 797 892 863 facito
907 819 1006 882 opus
1021 809 1147 881 tuum,
1175 799 1506 884 septimoautem

340 907 610 987 dieteriator,
644 908 788 972 utbos
816 916 910 970 tuus
932 906 1120 988 quiescat
1149 917 1188 971 et
1214 907 1357 972 asinus
1386 917 1498 988 tuus,

339 1025 378 1080 et
398 1025 606 1080 recreetur
627 1013 747 1078 filius
769 1012 949 1078 ancillae
963 1023 1056 1078 tuae
1072 1025 1111 1079 ct
1125 1014 1366 1100 peregrinus
1386 1016 1502 1098 (Exod.

338 1129 391 1202 23,
413 1121 477 1208 12).
516 1121 680 1186 Omnibus
702 1121 784 1186 haec
797 1119 851 1185 lex
867 1120 972 1201 datru,
999 1120 1111 1188 cuncti
1127 1120 1294 1186 Israelitae
1316 1143 1414 1187 senos
1429 1133 1504 1188 ten-

338 1241 409 1294 tum
431 1229 502 1295 dies
523 1229 669 1294 laborare
691 1228 824 1308 debent,
851 1227 989 1313 septimo
1020 1227 1173 1312 deinceps
1204 1227 1382 1311 quiescere.
1433 1231 1505 1295 Nee

338 1338 401 1404 hoc
421 1347 528 1424 potest
549 1336 646 1402 modo
668 1358 707 1401 eo
729 1334 868 1401 consilio
889 1335 1088 1420 imperatum
1101 1357 1182 1412 esse,
1209 1345 1247 1399 ut
1269 1335 1381 1416 servis,
1407 1359 1504 1422 pere-

337 1445 451 1530 grinis,
472 1444 633 1530 jumentis
648 1442 874 1526 requiescendi
888 1441 1028 1507 facidtas
1042 1443 1144 1523 fieret,
1172 1463 1274 1525 quum
1289 1444 1420 1508 adeam
1435 1467 1501 1510 rem

339 1552 417 1618 satis
440 1552 555 1616 fuisset
575 1549 795 1635 locupletibus
817 1559 850 1614 et
872 1547 1031 1614 divitibus
1053 1549 1256 1635 praecipere,
1290 1561 1329 1616 ut
1358 1551 1496 1616 sinerent

339 1659 478 1745 septimo
501 1679 630 1742 quoque
652 1656 706 1720 die
728 1657 892 1742 operarios
915 1657 1093 1740 quiescere.
1132 1659 1182 1724 Ac
1202 1658 1351 1742 profecto
1374 1659 1494 1725 nonita

338 1766 435 1831 multi
468 1766 602 1830 fuerunt
634 1763 774 1844 domini,
813 1764 870 1847 qui
902 1785 1029 1849 semper
1060 1776 1228 1849 tamquam
1259 1766 1347 1831 diem
1381 1767 1496 1832 festum

338 1883 472 1959 egentes
494 1872 590 1938 otiari
610 1883 745 1958 possent
767 1871 948 1956 emerat
976 1871 1131 1957 bernw).
1184 1873 1292 1938 Etiam
1324 1874 1502 1960 locupletes

339 1993 425 2048 certe
446 1981 639 2066 plerumque
661 1980 853 2046 laborabant
868 2000 945 2043 cum
959 1977 1085 2043 familia
1100 2001 1159 2044 sua
1174 1990 1207 2045 et
1222 2001 1298 2045 cum
1313 2003 1352 2045 ea
1368 1983 1503 2048 sabbato

339 2089 596 2154 delectabantur.
642 2088 687 2152 Et
706 2087 805 2152 multi
827 2086 898 2151 sine
920 2087 1020 2152 dubio
1042 2086 1176 2152 fuerunt
1197 2088 1370 2154 Israelitae
1393 2089 1501 2170 liberi,

338 2197 396 2280 qui
424 2196 558 2262 omnino
588 2205 646 2260 aut
674 2193 816 2258 maxima
850 2216 891 2258 ex
919 2204 1011 2279 parte
1040 2215 1174 2258 suarum
1204 2217 1364 2260 manuum
1391 2196 1505 2262 labore

338 2303 463 2369 victum
492 2313 694 2388 quaererent.
738 2302 926 2366 Habuerint
948 2323 1061 2366 omnes
1082 2301 1243 2386 agricolae
1261 2301 1381 2388 jugum
1403 2306 1504 2368 boum

338 2411 391 2476 vel
412 2411 538 2476 asinos:
563 2431 645 2474 num
667 2409 801 2473 sabbato
823 2408 951 2473 labores
972 2407 1037 2492 ipsi
1062 2407 1311 2474 intermiserunt
1334 2409 1505 2494 jumento-

339 2541 413 2584 rum
435 2539 532 2584 causa
553 2517 617 2599 vel,
643 2515 699 2601 qui
720 2515 818 2599 paulo
840 2515 975 2580 meliore
997 2515 1186 2582 conditione
1216 2518 1403 2597 utebantur,
1434 2540 1505 2584 ser-

338 2630 477 2691 vorum?
519 2625 560 2690 Ei
581 2633 702 2704 autem,
735 2623 792 2706 qui
812 2645 875 2688 nec
904 2645 1013 2688 servos
1038 2643 1101 2688 nec
1125 2623 1276 2708 jumenta
1303 2623 1500 2710 possidebat,

339 2755 421 2797 num
443 2730 586 2796 sabbatis
608 2731 754 2795 laborare
783 2729 898 2794 licuit?
940 2733 1057 2813 Itaque
1087 2752 1189 2814 quum
1217 2731 1384 2816 legislator
1410 2731 1504 2796 illam

339 2839 422 2926 legis
442 2838 604 2905 rationem
624 2848 796 2922 proponat,
821 2837 858 2900 in
881 2859 945 2920 qua
967 2837 1120 2903 universa
1142 2837 1201 2902 otii
1223 2839 1383 2905 sabbatici
1405 2862 1504 2905 eausa

338 2969 406 3013 non
427 2946 526 3027 inest,
551 2953 686 3029 apparet
707 2965 783 3008 eum
804 2944 887 3026 loco,
915 2944 955 3008 de
978 2965 1042 3028 quo
1065 2945 1202 3030 agimus,
1229 2945 1337 3031 legem
1358 2949 1505 3013 sabbati·

338 3077 410 3120 cam
439 3076 507 3120 non
536 3051 680 3117 voluisse
709 3053 868 3134 condere,
899 3053 958 3116 sed
986 3051 1147 3137 singulari
1176 3053 1313 3119 consilio
1342 3065 1500 3139 repetere.

339 3165 437 3233 Quod
459 3160 633 3227 consilium
654 3159 859 3246 significatur
880 3160 950 3245 ipsa
971 3159 1098 3224 ratione
1121 3160 1248 3226 addita:
1274 3161 1315 3226 iis
1336 3161 1392 3226 lex
1414 3183 1505 3228 ccm-
1629 3171 1630 3213 t

338 3271 528 3350 mendatur,
565 3269 686 3352 quibus
715 3267 859 3353 potestas
896 3277 946 3332 est
978 3266 1157 3350 requietem
1194 3268 1392 3333 sabbatioam
1428 3271 1503 3335 aliis

338 3377 524 3445 recusandi.
570 3377 633 3442 Ille
655 3375 747 3442 loeus
768 3397 837 3440 non
860 3374 1013 3439 omnibus
1036 3385 1100 3456 est,
1126 3376 1185 3440 sed
1206 3375 1365 3441 divitibus
1394 3399 1502 3443 servos

339 3497 371 3550 et
388 3486 540 3570 jumenta
560 3483 804 3568 possidentibus
827 3482 978 3568 scriptus.
1019 3482 1121 3547 Plane
1138 3503 1215 3547 vero
1230 3483 1406 3568 significat,
1432 3507 1502 3550 esse

336 3592 444 3678 legem
464 3590 691 3670 universalem,
719 3591 818 3655 immo
841 3612 880 3655 ea
901 3589 937 3654 in
959 3589 1030 3675 ipso
1053 3589 1151 3670 inest,
1182 3611 1285 3673 quum
1306 3593 1406 3656 verba
1428 3593 1525 3670 „diet

340 3699 481 3784 septimo
502 3698 655 3763 feriator“
677 3698 733 3762 hie
761 3697 903 3762 dominis
932 3707 1062 3761 tantum
1087 3696 1155 3761 dici
1183 3697 1252 3763 sola
1279 3698 1416 3764 rationis
1444 3721 1501 3764 ex-

337 3805 500 3894 positione
522 3804 735 3890 significetur.

426 3913 622 3998 scriptorem
643 3933 711 3976 non
733 3910 918 3976 universam
939 3911 1100 3977 rationem
1122 3911 1183 3977 otii
1211 3912 1370 3978 sabbatici
1397 3914 1500 4000 signi-

339 4025 452 4104 ficare,
484 4021 585 4086 etiam
613 4041 655 4084 ex
682 4019 755 4105 lege
783 4021 825 4082 ab
854 4019 969 4083 eodem
999 4020 1120 4085 tradita
1148 4021 1189 4085 de
1219 4041 1306 4084 anno
1335 4021 1499 4086 sabbatico

337 4129 436 4216 plane
458 4125 676 4213 cognoscitur.
723 4126 831 4194 Quam
856 4136 933 4191 ante
959 4127 1068 4212 legem
1099 4128 1140 4191 de
1167 4128 1302 4192 sabbato
1330 4129 1441 4214 posuit
1469 4140 1501 4192 et

340 4235 386 4300 ita
416 4234 602 4320 descripsit,
640 4233 733 4316 quasi
760 4255 831 4298 eam
861 4257 961 4299 unam
991 4236 1033 4300 ob
1062 4255 1132 4298 rem
1161 4235 1308 4316 daretur,
1349 4247 1387 4300 ut
1418 4257 1500 4318 quae
