3276 5130
621 383 857 444 -101-

158 558 248 620 sua¹
276 555 344 636 (Ex.
364 561 415 635 31,
439 561 488 616 13.
512 553 573 636 14).
621 552 686 617 His
713 550 842 637 legibus
871 552 1044 615 sabbatum
1072 550 1245 636 praecipue
1267 553 1319 617 id·
1355 610 1358 615 .

159 662 260 743 circo,
291 661 378 744 quod
408 681 535 724 sacrum
562 659 621 740 sit,
655 658 776 723 servari
810 657 999 744 imperatur.
1053 658 1150 726 Quod
1177 661 1318 727 maxime

158 767 312 833 convenit
333 769 516 832 sententiae
538 766 614 831 libri
641 765 833 831 sanctitatis.
873 765 939 835 Qui
961 766 1131 830 sabbatum
1154 768 1314 850 profanat,

158 876 302 940 Jehovae
325 875 534 940 sanctitatem
556 873 657 938 violat
679 884 712 938 et
734 873 849 958 capitis
871 895 976 959 poena
990 883 1130 937 tenetur.
1172 874 1230 938 Bis
1251 898 1318 941 uno

159 1004 255 1048 versu
276 985 447 1047 sabbatum
470 992 503 1047 et
524 1003 652 1048 sacmm
671 981 804 1066 (fanum)
831 980 997 1046 Israelitae
1008 964 1169 1064 jubentur
1182 982 1316 1046 vereri2.

159 1091 252 1155 Sicut
273 1111 401 1154 sacmm
429 1087 561 1174 (fanum)
587 1089 678 1154 locus
706 1099 772 1170 est,
806 1109 903 1172 quem
932 1088 1056 1153 Jehova
1084 1087 1149 1152 sibi
1177 1088 1315 1174 excepit,

158 1218 257 1281 quare
278 1197 379 1281 pedes
400 1196 530 1281 profani
552 1217 627 1261 eum
654 1218 723 1261 non
751 1196 872 1260 debent
900 1195 1077 1279 attingere,
1109 1195 1157 1261 sic
1185 1198 1319 1262 sabbata

158 1305 229 1370 dies
250 1303 394 1368 Jehovae
418 1303 506 1376 ,sacri
536 1314 629 1386 sunt,
663 1305 719 1388 qui
749 1301 963 1388 profanantur
990 1323 1085 1386 opere
1114 1303 1317 1388 quotidiano.

158 1415 253 1476 Haec
275 1411 389 1476 eadem
411 1420 461 1474 est
484 1411 658 1493 sententia,
685 1433 783 1496 quam
803 1431 872 1474 nou
892 1410 988 1474 modo
1009 1409 1170 1474 Jeremiae
1192 1421 1225 1475 et
1239 1411 1320 1474 Eae-

160 1518 276 1583 chielis
296 1517 399 1582 fuisse
421 1518 480 1582 sed
495 1517 595 1582 etiam
609 1518 757 1604 decalogi
771 1518 844 1603 lege
858 1517 1024 1583 sabbatina
1039 1517 1148 1581 doceri
1161 1516 1317 1581 vidimus,

246 1624 359 1690 Altera
381 1623 441 1689 otii
463 1625 621 1690 sabbatici
643 1625 738 1707 ratio,
764 1647 827 1709 qua
848 1627 1020 1690 sabbatum
1044 1624 1184 1707 requieti
1213 1624 1321 1689 homi-

158 1755 240 1797 num
263 1730 462 1796 destinatum
485 1744 543 1815 est,
570 1732 623 1796 his
644 1733 774 1818 legibus
796 1731 995 1817 neglegitur.
1049 1732 1146 1800 Quod
1175 1753 1244 1798 uon
1272 1742 1321 1796 est

157 1839 357 1918 mirandum,
382 1861 485 1922 quum
506 1839 568 1904 hae
589 1840 677 1925 leges
700 1861 739 1904 ea
760 1840 866 1905 solum
887 1839 1085 1924 praedicent,
1112 1861 1194 1922 quae
1216 1841 1322 1904 Israe-

100 1931 104 1942 ⁸
157 1947 227 2012 litis
251 1946 319 2010 sint
339 1945 489 2011 facienda
511 1959 569 2011 aut
591 1948 786 2028 omittenda,
820 1959 858 2012 ut
885 1947 952 2010 sint
973 1945 1038 2010 Dei
1061 1947 1166 2010 sancti
1188 1956 1320 2010 sanctus

157 2054 310 2140 populus.
357 2053 449 2117 Huic
470 2053 518 2117 rei
541 2054 711 2134 convenit,
744 2055 830 2138 quod
857 2053 941 2118 liber
970 2053 1162 2134 sanctitatis,
1196 2063 1234 2117 ut
1256 2074 1320 2135 quo

160 2161 296 2227 oonsilio
324 2160 450 2226 Jehova
476 2162 663 2242 sabbatum,
696 2161 719 2225 i.
737 2183 766 2226 e.
798 2162 885 2225 diem
907 2159 1091 2245 ¹septimum
1113 2161 1179 2225 otio
1202 2160 1321 2226 distin·

162 2269 347 2354 guendum,
372 2267 569 2350 instituerit,
595 2269 758 2351 ostendat,
785 2271 957 2332 sabbatum
978 2267 1110 2352 signum
1133 2289 1202 2332 esse
1225 2267 1316 2350 dicit,

162 2397 224 2458 quo
239 2386 464 2460 cognoscatur,
489 2375 648 2440 Jehovam
664 2397 734 2440 esse
748 2375 912 2441 Israelitas
933 2374 1203 2440 sanctificantem.
1243 2375 1321 2441 Non

162 2483 223 2548 hoc
244 2481 339 2564 dicit,
367 2482 426 2548 otii
448 2465 608 2547 sabbatici
630 2505 726 2548 omne
756 2493 959 2548 momentum
985 2482 1021 2546 in
1049 2503 1087 2547 eo
1117 2504 1200 2564 esse,
1233 2487 1320 2568 quod

163 2591 293 2676 signum
308 2590 361 2671 sit,
386 2611 450 2673 quo
464 2600 702 2675 cognoscantur
715 2591 859 2655 Jehovae
874 2589 1025 2655 cultores.
1057 2591 1164 2654 Immo
1177 2590 1321 2657 Jehovae

161 2698 248 2764 diem
271 2719 399 2763 sacrum
421 2698 633 2780 observando,
658 2697 752 2783 cujus
779 2698 1039 2763 observationem
1064 2698 1273 2764 sanctitas
1303 2723 1322 2764 a

157 2807 284 2873 Jehova
295 2808 428 2871 sabbato
439 2805 562 2871 tributa
578 2805 717 2891 exigit,
738 2805 838 2874 simul
852 2807 1078 2887 admonentur,
1098 2817 1136 2870 ut
1147 2808 1322 2873 ostendant

158 2937 193 2979 se
223 2937 295 2980 esse
323 2912 467 2980 Jehovae
496 2913 675 2998 populum,
707 2914 828 3000 quippe
856 2935 954 2998 quem
985 2913 1014 2978 is
1045 2913 1192 2978 docuerit
1221 2915 1322 2979 vitam

160 3029 272 3082 sancte
294 3040 400 3102 agere.
448 3023 533 3086 Item
563 3022 766 3087 circumcisio
795 3021 928 3107 signum
956 3021 1096 3086 foederis
1126 3021 1319 3105 appellatur,

134 3117 135 3122 ’
162 3133 195 3186 et
218 3134 327 3188 tamen
347 3126 422 3210 plus
444 3126 543 3192 habet
564 3129 724 3193 momenti
746 3149 844 3211 quam
865 3150 991 3192 memm
1014 3127 1157 3212 signum.

233 3294 255 3356 l)
277 3293 357 3348 Hanc
373 3293 465 3366 legem
481 3295 619 3366 principio
636 3296 748 3362 „libri
766 3295 995 3352 sanctitatis“
1012 3302 1117 3366 partem
1135 3294 1235 3360 luisse,
1261 3313 1322 3368 pro·

161 3376 221 3432 bari
243 3377 312 3433 mihi
334 3377 445 3433 videtur
469 3377 611 3436 vocabulis
634 3381 756 3452 usurpa
782 3392 855 3436 ιιι-ιι
880 3393 926 3438 un
950 3395 981 3435 a:
1000 3373 1088 3443 nari,
1115 3381 1226 3446 annia,
1252 3375 1319 3453 biri,

163 3452 214 3520 ”rat
233 3474 312 3520 stum
323 3464 402 3521 darn
422 3476 514 3532 nunu,
535 3480 651 3534 quorum
663 3465 717 3522 duo
730 3465 891 3538 posteriora,
913 3465 966 3522 etsi
978 3464 1042 3521 aliis
1055 3481 1164 3537 quoque
1174 3465 1244 3524 locis
1256 3466 1323 3524 libri

160 3548 205 3606 Po
221 3548 353 3621 leguntur
366 3544 429 3623 (ἔζη
447 3550 500 3617 bis,
522 3558 617 3606 contra
634 3552 664 3606 in
677 3552 710 3608 L.
725 3549 753 3607 S.
773 3551 940 3620 duodecies),
960 3561 1051 3607 tamen
1068 3552 1185 3608 maxime
1202 3553 1282 3609 Libri
1295 3553 1321 3610 S.

161 3636 273 3708 propris
290 3645 363 3704 sunt,
383 3635 476 3708 priora
494 3635 549 3692 duo
567 3645 656 3705 notae,
678 3655 748 3709 quae
766 3637 814 3694 vix
831 3638 940 3710 possint
956 3636 1061 3694 fallere.
1093 3637 1137 3694 Of.
1157 3637 1322 3695 Kloster·

160 3739 255 3776 mann
279 3722 309 3778 in
332 3723 436 3777 Ztcedr.
450 3727 480 3796 s.
501 3723 527 3778 d.
548 3725 615 3779 luth.
639 3725 729 3779 thol.
747 3744 773 3779 u.
795 3724 832 3777 K.
855 3726 920 3778 1877
938 3741 967 3796 p.
980 3726 1040 3779 409.
1078 3723 1265 3781 Delitrsch
1292 3725 1321 3780 in

161 3807 265 3864 Ztscdr.
277 3812 306 3881 s.
327 3809 423 3864 kirrie.
450 3810 604 3866 Wisscnsclr.
624 3829 649 3864 u.
670 3809 766 3865 kiroli.
785 3811 874 3866 Ledaea
894 3812 960 3866 1880
977 3827 1005 3881 p.
1019 3812 1079 3864 622.

229 3896 255 3960 2)
274 3895 341 3950 Lev.
363 3896 403 3961 19,
423 3897 465 3950 30.
492 3897 534 3962 26,
556 3898 581 3949 2.
618 3894 789 3951 Vocabulum
806 3895 890 3967 capa
915 3913 986 3962 ,rem
1009 3903 1142 3952 andam
1165 3893 1321 3966 significare

164 3979 376 4046 (Delitrsch,
392 3981 680 4052 pmrateuetkritisete
699 3983 810 4038 &uelim
828 3981 857 4036 in
876 3983 1002 4038 ΖιίίιιΙιν.
1009 3985 1039 4054 s.
1051 3983 1146 4037 kircdl.
1167 3981 1319 4036 Ws'sseoscd.

161 4085 188 4120 a.
207 4067 234 4121 k.
254 4069 289 4122 L.
311 4067 377 4122 1880
394 4083 421 4138 p.
437 4068 495 4132 622)
518 4083 574 4120 non
592 4067 683 4122 credo.
719 4066 913 4140 Targumim
934 4075 1052 4138 utroque
1070 4065 1131 4122 loco
1155 4066 1321 4122 vertiam:

162 4152 260 4222 ’πᾶ-ιρι
275 4153 403 4223 (rdrptu)
426 4160 551 4207 utuntur.
583 4151 627 4208 Oi.
646 4152 729 4224 Jesaj.
746 4157 770 4219 8,
786 4155 817 4206 14
836 4161 864 4209 et
886 4171 955 4225 quse
973 4150 1117 4209 Delitrsch
1138 4152 1168 4206 iu
1185 4167 1321 4207 commen-

161 4237 231 4293 tario
245 4256 295 4294 suo
307 4237 457 4296 adnotavit.
485 4238 550 4293 Lev.
565 4239 607 4302 21,
623 4241 656 4292 23
676 4245 704 4294 ct
715 4238 817 4294 Erech.
831 4241 874 4304 28,
891 4241 922 4294 18
940 4239 1058 4308 nru'rpu
1076 4236 1157 4308 plura
1172 4235 1322 4292 locassem

162 4323 245 4380 unius
265 4323 322 4379 iani
340 4341 400 4380 esse
417 4323 555 4380 videntur.
589 4325 664 4390 (Leo.
678 4325 719 4392 21,
735 4327 767 4378 2³
785 4325 874 4396 possit
890 4322 948 4396 legi
965 4323 1080 4404 mppr.)
