3310 5126
805 347 1020 410 ...38-

421 519 521 584 Nunc
542 517 721 598 videamus,
748 516 892 601 possitne
915 513 1082 600 cognosci,
1114 521 1195 578 num
1223 523 1328 578 certus
1363 511 1496 597 (primus

336 639 393 693 aut
415 627 562 710 ultimus)
590 625 659 689 dies
688 623 902 688 hebdomadis
924 622 1050 686 lunaris
1071 621 1171 685 fuerit
1192 622 1374 686 sabbatum.
1421 621 1496 684 Una

335 747 465 800 tantum
487 734 528 798 ad
550 733 637 796 hano
659 731 883 814 quaestionem
911 751 953 794 ex
974 728 1095 794 tabulis
1125 727 1257 812 assyriis
1278 727 1386 792 adhuc
1406 727 1495 791 notis

335 841 487 928 pertinet,
514 861 553 904 ea
575 859 657 922 quae
680 839 728 902 IV
743 839 775 902 R
791 844 844 901 32.
864 845 902 901 33
927 835 1088 920 exscripta
1114 845 1172 898 est.
1223 831 1283 900 Est
1311 844 1424 899 octava
1455 856 1496 898 ex

335 949 418 1014 serie
454 947 658 1026 tabularum,
700 967 782 1028 quae
816 945 915 1009 fastos
952 943 1092 1027 assyrios
1132 942 1355 1007 continebant.
1420 943 1497 1026 Ipsa

336 1055 470 1120 exhibet
487 1055 588 1118 festos
602 1053 725 1118 mensis
741 1051 942 1116 intercalaris
957 1050 1047 1115 Eluli
1062 1049 1195 1114 alterius
1207 1053 1227 1112 ¹.
1260 1051 1376 1114 Totam
1390 1047 1495 1114 literis

335 1162 447 1227 latinis
469 1161 696 1245 transcriptam
723 1169 755 1223 et
780 1158 817 1224 in
838 1159 986 1244 linguam
1008 1158 1144 1222 latinam
1166 1179 1291 1222 versam
1320 1157 1376 1220 bio
1400 1155 1497 1240 juvat

334 1289 530 1353 proponere:

407 1441 430 1503 l)
452 1437 566 1494 Constet
583 1437 750 1508 Babylonios
767 1437 908 1491 mensibus
924 1434 1068 1500 lunaribus
1086 1433 1225 1506 synodicis
1248 1442 1276 1489 et
1296 1434 1376 1488 annis
1399 1434 1499 1490 solari-

334 1523 388 1578 bus
405 1541 470 1579 usos
488 1541 555 1578 esse.
586 1521 763 1592 Singulorum
779 1521 915 1576 mensium
931 1520 1070 1575 lunarium
1087 1525 1151 1575 sunt
1169 1519 1257 1574 exacti
1274 1519 1381 1574 numeri
1398 1519 1497 1576 XXIX

337 1607 443 1663 dierum
463 1608 523 1662 XII
543 1608 673 1663 horarum
693 1607 788 1661 XLIV
812 1606 1055 1676 sexagesimorum:
1082 1606 1112 1660 in
1135 1623 1304 1660 communem
1326 1605 1400 1660 vitae
1418 1624 1499 1661 usum

336 1693 381 1748 his
398 1692 539 1750 mensibus
557 1693 671 1748 alternis
688 1692 787 1748 XXIX
806 1697 853 1747 out
871 1691 955 1746 XXX
974 1695 1013 1758 (-
1033 1691 1172 1746 interdum
1188 1690 1304 1746 rationis
1321 1691 1498 1748 consolidan-

338 1778 387 1832 dae
406 1795 487 1834 causa
505 1778 558 1834 duo
576 1795 683 1834 menses
701 1777 847 1834 continuos
864 1776 999 1846 tricenum
1017 1777 1123 1832 dierum
1140 1775 1227 1830 statui
1249 1793 1359 1832 neeesse
1380 1776 1435 1832 fuit
1451 1782 1497 1844 -—)

338 1865 397 1919 dies
415 1864 501 1918 tribui
518 1865 650 1936 oportuit.
685 1865 784 1934 Itaque
801 1862 859 1916 XII
883 1862 1017 1916 meusium
1039 1861 1179 1916 lunarium
1201 1861 1320 1932 spatium
1342 1862 1452 1918 circiter
1470 1863 1497 1917 X

338 1949 435 2003 diebus
452 1949 522 2003 XXI
540 1949 615 2004 horis
632 1949 743 2004 brevius
761 1957 803 2004 est
821 1966 902 2020 quem
920 1965 1008 2003 annus
1027 1945 1132 2012 solaris,
1154 1946 1188 2000 ad
1206 1964 1286 2016 quem
1298 1947 1437 2002 deiectum
1448 1967 1498 2003 ex-

338 2033 469 2106 plendum
484 2035 623 2090 interdum
640 2034 739 2088 tertius
757 2033 878 2088 decimus
895 2033 997 2088 mensis
1021 2051 1091 2088 anno
1115 2032 1287 2103 adjiciendus
1304 2040 1370 2088 erat.
1406 2038 1498 2104 Atque

338 2138 422 2190 quum
439 2119 587 2191 Babylonii
603 2119 685 2176 lunae
703 2127 794 2175 motus
810 2125 868 2174 tam
885 2127 1010 2176 accurate
1027 2117 1210 2183 observarint,
1236 2125 1267 2172 ut
1284 2118 1346 2189 ejus
1364 2118 1499 2176 defectio-

338 2222 387 2260 nes
404 2205 561 2276 praedicere
579 2205 731 2277 potuerint;
752 2222 838 2276 quum
858 2204 960 2260 mensis
984 2203 1109 2276 synodici
1132 2211 1160 2260 et
1183 2204 1318 2276 periodiei
1340 2205 1430 2276 spatia
1450 2206 1498 2260 vix

338 2291 430 2345 minus
446 2293 516 2346 bene
534 2308 616 2363 quam
633 2291 720 2348 nostri
737 2290 871 2361 astrologi
888 2289 1026 2356 noverint;
1048 2305 1132 2360 quum
1149 2307 1250 2344 annum
1262 2289 1378 2344 solarem
1389 2291 1500 2346 circiter

339 2376 482 2431 CCCLXV
501 2377 607 2432 dierum
624 2387 652 2432 et
669 2393 717 2432 aex
733 2375 863 2431 horarum
880 2393 939 2431 esse
957 2374 1088 2430 sciverint
1105 2383 1132 2429 et
1153 2375 1328 2445 aequinoctia
1351 2375 1501 2446 diligenter

339 2462 488 2518 servarint:
513 2481 570 2517 non
587 2463 697 2531 dubito,
723 2463 791 2532 quin
809 2470 882 2516 certa
900 2468 928 2515 et
945 2461 1141 2532 circumspecta
1157 2460 1265 2516 ratione
1281 2477 1402 2516 mensem
1419 2462 1500 2518 illum

254 2591 256 2597 Α
339 2547 571 2604 interealaverint.
605 2547 751 2604 Probabile
769 2548 887 2613 videtur,
908 2563 954 2602 eos
975 2545 1088 2617 periodo
1107 2547 1232 2612 Masone,
1260 2564 1342 2617 quam
1359 2565 1498 2616 vocemus,

340 2631 516 2702 undeviginti
533 2650 667 2688 annorum
684 2651 749 2688 usos
768 2650 836 2696 esse,
856 2650 910 2704 qua
927 2631 1004 2686 nulle
1021 2631 1109 2702 magis
1127 2639 1168 2688 est
1186 2632 1220 2687 ad
1238 2631 1309 2686 hano
1320 2651 1378 2688 rem
1390 2633 1499 2689 idonea.

340 2716 521 2787 Undeviginti
543 2719 609 2772 anni
632 2718 734 2774 solares
752 2718 906 2773 CCXXXV
929 2717 1068 2772 mensibus
1090 2715 1234 2772 lunaribus
1258 2719 1397 2790 synodicis
1419 2738 1500 2791 peres

341 2809 414 2866 sunt,
435 2818 500 2871 ergo
518 2801 570 2857 hoe
588 2803 718 2874 temporis
737 2804 825 2876 spatio
844 2810 949 2874 septem
960 2820 1067 2858 menses
1079 2810 1144 2857 sunt
1156 2803 1343 2858 intercalandi.
1373 2805 1500 2860 Mensem

340 2885 531 2942 intercalarem
548 2889 695 2960 Babylonii
713 2907 769 2944 non
787 2905 892 2960 semper
908 2896 971 2960 post
988 2888 1104 2943 eundem
1122 2889 1188 2943 anni
1205 2907 1325 2944 mensam
1347 2897 1502 2961 posuerunt

341 2972 413 3028 siout
430 2971 625 3040 Athenienses,
646 2974 719 3047 apud
738 2991 807 3045 qnos
819 2994 890 3030 anno
902 2973 1059 3030 intercalari
1070 2991 1177 3046 semper
1187 2975 1368 3030 Posideonem
1379 2993 1500 3033 mensem

340 3056 411 3112 alter
428 3057 565 3114 Posideon
582 3062 755 3132 sequebatur,
783 3061 833 3115 sed
852 3059 933 3116 modo
955 3068 1019 3131 post
1036 3067 1145 3115 sextum
1161 3060 1228 3116 anni
1244 3077 1365 3116 mensem
1383 3062 1497 3128 (man),

340 3144 422 3198 modo
439 3151 503 3215 post
521 3145 713 3201 duodecimum
734 3143 914 3202 collocabant.
951 3147 1018 3202 Post
1042 3156 1151 3202 sextum
1172 3145 1294 3217 positum
1310 3147 1410 3202 »Ulallu
1428 3146 1500 3202 alte-

339 3234 420 3295 rum“‚
442 3237 504 3300 post
523 3229 714 3286 duodecimum
735 3229 899 3286 collocatum
920 3231 1001 3306 „ardu
1024 3235 1150 3300 multllm
1174 3227 1205 3286 ἔα
1222 3233 1332 3288 Adoro
1354 3233 1499 3288 vocabant.

343 3320 387 3382 (-
403 3315 535 3370 Nisano
547 3316 633 3371 altero
645 3316 792 3388 Babylonii
803 3333 938 3388 nusquam
950 3318 994 3372 usi
1006 3335 1065 3373 esse
1076 3317 1215 3382 videntur,
1235 3335 1399 3388 quamquam
1415 3319 1460 3372 111
1473 3319 1501 3372 R

342 3404 375 3456 56
386 3402 436 3456 Nr.
450 3405 464 3454 5
482 3400 599 3472 legimus
617 3402 686 3476 orgo
698 3404 805 3461 Noenu
824 3404 854 3458 ΙΙ
870 3425 917 3467 aaa
933 3423 986 3458 ma.
1006 3407 1048 3470 -—)
