3276 5130
602 363 817 428 ,83-

208 535 240 598 J.
266 531 485 597 Wellhausen
507 530 639 597 statuit:
667 535 738 610 „Im
764 531 913 597 do'cltsten
944 533 1052 598 Grada
1079 535 1286 618 ousqohildct,

126 639 170 704 tic
190 661 249 704 aar
278 641 510 724 Vcrdndemnq
534 640 592 704 der
622 641 777 722 amitat,
802 639 956 705 eruebant
983 639 1033 704 dia
1054 641 1290 709 Sattattmtto

125 748 166 811 im
186 746 433 812 Prteriercodos
457 793 579 812 .....
624 747 679 813 ste
705 747 788 812 toird
810 747 880 812 dier
898 769 982 832 ponz
1004 749 1143 814 adstruat
1162 731 1290 835 pcnomss

125 875 203 932 men,
227 853 319 918 nicht
342 855 389 919 uls
410 852 505 919 Rota
526 875 586 918 oon
609 854 707 920 cinam
729 857 852 938 Etwos,
877 857 936 920 dos
958 855 1006 919 als
1027 854 1081 919 ihr
1102 857 1290 924 bestimmtcs

128 962 271 1028 emetat
293 961 459 1042 machont,
484 984 514 1024 z.
531 961 575 1026 B.
601 983 661 1026 con
682 962 740 1026 der
753 961 946 1040 Feldorbct't,
971 963 1106 1027 condes
1127 965 1175 1030 als
1196 965 1291 1031 Rota

124 1068 330 1134 scilecdtdt'n.
370 1071 452 1134 Mon
472 1069 556 1155 dots
571 1090 624 1133 om
645 1068 779 1154 dcdiqen
804 1071 890 1154 Toqe
910 1069 998 1134 nicht
1019 1091 1077 1134 out
1098 1071 1168 1136 dem
1183 1073 1291 1158 Luper

122 1176 202 1261 peda
230 1197 285 1240 am
314 1178 439 1242 Manno
468 1176 545 1240 oder
571 1176 660 1241 Hele
690 1198 730 1240 zu
759 1177 910 1242 summota
935 1178 999 1242 Ea.
1025 1181 1078 1241 16.
1109 1182 1207 1244 Num.
1234 1183 1287 1262 15,

124 1281 211 1348 nield
232 1283 354 1348 domat
369 1284 472 1348 Fertor
485 1284 649 1347 anadodett
663 1283 731 1347 uad
742 1283 861 1348 kochan
876 1287 941 1350 Ec.
959 1289 1012 1366 35,
1031 1289 1084 1350 3⁶⁴.
1119 1287 1291 1351 Sententia

123 1403 180 1470 est,
208 1401 336 1456 ceteras
358 1390 448 1476 leges
470 1391 652 1456 sabbaticus
675 1400 783 1455 vetare
805 1390 945 1474 labores,
979 1413 1117 1475 quorum
1147 1392 1290 1457 sabbatis

125 1498 448 1564 intermittendorum
470 1499 673 1563 consuetudo
696 1509 788 1584 parta
810 1499 853 1565 sit
872 1499 1077 1565 naturalibus
1094 1499 1291 1583 quibusdam

126 1605 350 1671 Israelitarum
371 1605 459 1670 vitae
479 1605 681 1685 rationibus,
715 1606 762 1670 ita
791 1617 830 1671 ut
857 1617 1008 1693 repetant
1029 1617 1176 1687 tantum,
1205 1608 1291 1691 quod

127 1713 247 1779 laboris
269 1713 467 1797 quibusdam
490 1713 665 1799 generibus
688 1714 781 1797 quasi
803 1714 904 1779 insita
926 1714 981 1779 lex
1003 1715 1130 1779 dudum
1141 1714 1288 1798 jusserit,

130 1843 230 1904 quum
250 1821 329 1885 libri
350 1822 406 1914 PC
433 1820 523 1906 leges
546 1843 643 1905 opera
664 1821 767 1901 nulla,
792 1843 836 1887 ne
858 1843 896 1886 ea
918 1822 1061 1906 quidem,
1088 1843 1171 1906 quae
1193 1823 1292 1888 omit-

130 1939 198 1991 tere
218 1939 353 1994 naturae
374 1948 491 2014 parum
514 1927 699 2009 conveniat,
724 1928 869 1994 sabbatis
891 1928 963 1994 fieri
984 1927 1188 2013 permittant,
1207 1925 1293 1993 tam'-

135 2056 230 2117 quam
255 2036 308 2102 lex
335 2035 471 2122 physica
497 2058 549 2101 res
576 2036 736 2101 humanas
765 2035 858 2100 nulla
886 2035 1014 2100 ratione
1042 2034 1076 2098 vi
1105 2035 1293 2120 importuna

137 2145 279 2208 coercens
301 2143 541 2226 (Wellhausem
576 2191 613 2223 „.
634 2193 641 2208 .
662 2192 669 2207 .
693 2141 753 2208 mit
780 2143 837 2207 dor
864 2139 1026 2208 Storrdm
1054 2141 1137 2206 dnos
1167 2145 1292 2208 Natur-

137 2256 265 2331 pestus
286 2252 496 2336 austretcades
510 2251 682 2334 matuta).
721 2249 908 2316 Referimus
931 2249 1022 2314 haec.
1063 2249 1186 2314 Omnes
1201 2249 1291 2336 leges

140 2355 337 2420 sabbaticae¹
360 2358 495 2442 quodvis
523 2379 606 2442 opus
636 2358 770 2422 sabbato
798 2357 872 2421 fieri
900 2366 1022 2422 vetant.
1076 2357 1292 2443 Praeceptum

140 2461 222 2526 illud
245 2464 303 2530 lix.
321 2471 369 2548 35,
389 2473 423 2529 3;
454 2465 593 2530 Nolite
622 2463 756 2550 ignem
785 2463 1005 2529 incendere
1032 2461 1072 2527 in
1103 2464 1291 2530 omnibus

141 2569 353 2637 domiciliis
374 2572 524 2638 vestris
547 2572 611 2636 die
635 2571 810 2652 sabbati,
837 2573 884 2636 ita
900 2569 1066 2656 singulare
1086 2582 1145 2652 est,
1171 2582 1292 2637 utnon

137 2677 238 2743 valeat
263 2701 316 2761 ea,
351 2702 434 2764 quae
460 2679 696 2744 Wellhauseno
724 2678 847 2763 placet,
885 2678 1069 2760 conclusio,
1102 2679 1292 2765 pracsertim

133 2807 231 2868 quum
250 2787 429 2868 nesciatur,
454 2791 565 2852 n'onne
588 2808 629 2852 ex
651 2807 748 2850 causa
767 2785 925 2870 peculiari
948 2787 1060 2872 ignem
1080 2786 1224 2853 sabbatis
1239 2787 1293 2851 in-

130 2893 265 2958 cendere
280 2896 322 2958 ab
338 2894 576 2978 antiquissimis
592 2893 792 2979 temporibus
807 2893 900 2958 nefas
921 2893 1074 2960 habitum
1088 2893 1142 2958 sit.
1173 2894 1294 2958 Anim-

126 3001 363 3066 advertendum
401 3012 467 3082 est,
509 3000 649 3086 assyrios
689 3022 817 3084 quoque
850 3000 951 3066 fastos
985 3011 1111 3078 vetare,
1152 3023 1195 3066 ne
1234 3023 1293 3065 rex

125 3128 259 3173 carnem
281 3129 380 3192 super
401 3108 512 3194 ignem
534 3119 674 3172 assatam
696 3110 831 3174 sabbato
854 3109 961 3173 edat2.
1000 3109 1158 3172 Mannum
1180 3117 1292 3172 autem

124 3215 281 3300 colligere
303 3237 363 3299 par
385 3226 434 3281 est
455 3215 621 3280 frumenta
642 3215 812 3293 metendo,
846 3235 946 3298 quare
976 3215 1010 3278 id
1032 3215 1166 3278 sabbato
1188 3211 1292 3277 inter-

124 3322 192 3388 dici
215 3343 286 3386 non
307 3322 445 3402 mirum,
477 3335 510 3387 et
531 3322 652 3408 lignari
673 3321 819 3406 profecto
845 3321 939 3386 labor
966 3331 1015 3384 est
1043 3342 1063 3384 a
1086 3319 1152 3383 diei
1181 3319 1293 3404 quies-

122 3429 224 3494 cendi
257 3439 375 3494 natura
409 3430 587 3494 admodum
627 3429 814 3493 abhorrens.
869 3427 999 3496 Quibus
1034 3425 1190 3511 expositis
1221 3426 1292 3494 falli

122 3537 270 3617 videtur,
296 3537 353 3618 qui
375 3537 556 3618 contendit,
581 3536 688 3622 legem
710 3534 854 3600 sabbatis
869 3535 964 3599 otiari
975 3533 1149 3619 jubentem
1162 3546 1294 3601 auctam

121 3642 288 3728 paulatim
310 3654 409 3727 atque
431 3643 595 3709 intensam
618 3665 687 3708 esse
716 3641 802 3707 levia
824 3640 940 3727 primo,
972 3664 1050 3708 mox
1070 3642 1201 3726 leviora,
1233 3665 1293 3728 po-

124 3765 251 3816 stremo
275 3751 374 3814 etiam
397 3750 563 3816 levissima
584 3751 671 3816 vitae
694 3749 891 3815 domesticae
920 3748 1054 3834 negotia
1079 3771 1122 3814 ne
1151 3749 1294 3815 sabbatis

210 3927 333 3934 -—-.-⁴

199 4027 220 4090 l)
242 4027 355 4080 Praeter
373 4039 427 4090 eat,
448 4041 517 4095 quas
533 4025 719 4092 amavimus,
741 4031 805 4080 sunt
816 4023 869 4079 Ex.
882 4026 924 4090 31,
942 4025 1050 4078 13-17.
1070 4029 1111 4090 35,
1127 4025 1151 4078 ².
1170 4023 1235 4078 Les,
1251 4025 1290 4090 19,

123 4114 204 4165 2-3.
217 4112 259 4165 30.
277 4112 321 4174 23,
336 4113 361 4166 3.
382 4113 424 4176 26,
440 4113 465 4168 2.

198 4215 223 4280 3)
242 4212 313 4268 Vide
331 4229 394 4286 pag.
408 4215 448 4267 36.
477 4210 620 4268 israelitas
639 4211 748 4268 exsules
765 4231 782 4266 a
798 4209 959 4282 Babyloniis
976 4211 1129 4266 victoribus
1147 4217 1219 4266 buno
1238 4229 1294 4268 mo·

123 4317 184 4354 rem
201 4298 349 4370 accepisse,
370 4315 449 4354 nemo
467 4296 624 4353 crediderit.

1047 4403 1085 4453 5·
